3084 5050
700 404 921 472 ..23-

225 606 279 688 cbo
298 597 509 686 obcocodcopa
532 601 638 683 λαβεῖν
659 599 759 686 ἀρχὴν
783 594 839 664 οὐκ
864 597 1045 682 casanae».
1085 597 1220 662 Tacitus
1242 596 1407 682 denique,

225 727 433 794 quamquam
449 707 474 786 1,
491 707 534 772 33
554 704 791 771 Germanicum
807 704 947 769 anxium
964 702 1066 768 fuisse
1081 702 1183 768 tradit
1202 705 1360 769 «occultis
1376 705 1411 768 ic

224 835 259 880 sc
267 816 385 895 patrui
403 815 495 892 odiis,
511 833 644 895 quorsom
661 832 775 878 causae
791 813 930 876 acriores
945 812 1022 892 quio
1037 811 1185 891 iniquae»
1205 807 1258 894 (cf.
1274 809 1324 889 ΙΙ,
1341 806 1408 893 26),

225 923 260 986 et
281 919 396 984 multis
421 917 500 983 locis
523 937 601 982 eum
624 916 756 982 Tiberio
779 916 816 980 in
831 914 957 981 invidia
980 920 1081 999 atque
1097 913 1173 980 odio
1189 915 1297 981 fuisse
1322 913 1411 979 affir-

226 1029 298 1089 mat
320 1022 373 1110 (ΙΙ,
399 1025 429 1088 5.
455 1025 507 1090 22.
533 1024 585 1088 26.
611 1023 663 1088 42.
689 1023 732 1087 43
745 1018 827 1106 etc),
863 1025 976 1086 tamen
999 1039 1169 1105 nusquam
1192 1026 1282 1085 certa
1308 1019 1412 1085 affert

224 1136 433 1216 argumenta,
457 1128 581 1214 quibus
596 1126 631 1193 id
654 1148 772 1194 verum
795 1147 866 1192 esse
888 1125 1055 1205 ostendat;
1089 1125 1194 1190 immo
1221 1147 1303 1192 vero
1330 1124 1410 1190 Ger·

226 1236 398 1301 manicum
432 1254 571 1300 uxorem
604 1233 775 1298 monuisse
808 1231 900 1297 testis
929 1237 987 1310 est,
1024 1251 1067 1296 ne
1088 1231 1189 1298 nimis
1212 1231 1411 1318 indulgeret

224 1341 378 1408 aviditati
401 1361 481 1406 suae
495 1339 659 1426 regnandi
681 1337 771 1424 (ann.
789 1338 815 1417 1,
833 1339 891 1416 333
916 1336 959 1417 ΙΙ,
978 1333 1047 1424 72);
1072 1343 1173 1423 atque
1196 1338 1299 1402 edam
1327 1357 1408 1402 eum

225 1445 349 1512 Tiberii
382 1447 529 1513 amicitia
562 1465 751 1530 numquam
786 1464 855 1508 non
891 1443 1055 1508 confisum
1090 1463 1161 1509 esse
1195 1451 1317 1509 auctor
1341 1448 1408 1522 est;

224 1551 266 1618 cf.
291 1574 369 1618 ann.
395 1554 437 1632 Π,
463 1555 518 1618 71:
547 1572 650 1618 «ausc
673 1553 786 1618 scetere
804 1551 933 1616 Pisonis
956 1556 985 1615 et
1007 1533 1193 1616 Ptoncbcoe
1207 1553 1408 1631 interceptas

227 1660 358 1725 ultimos
385 1681 497 1740 preces
524 1659 705 1740 pectoribus
738 1659 851 1722 cestris
882 1657 1039 1739 relinquo:
1074 1656 1223 1738 referetis
1244 1658 1347 1738 patri
1372 1674 1410 1720 oc

223 1766 336 1846 fratri,
360 1766 475 1848 quibus
498 1764 723 1829 acerbitatibus
746 1763 947 1841 dilaceratus,
976 1761 1091 1843 quibus
1112 1763 1243 1827 insidiis
1265 1765 1407 1828 circam

225 1878 335 1937 vectas
371 1872 585 1936 miserrimam
626 1871 725 1934 citam
754 1869 897 1949 possim
930 1873 1029 1932 morte
1061 1869 1233 1948 finierim».
1282 1867 1407 1951 Neque

225 1975 380 2060 aequales
401 1975 592 2040 inimicitias
615 1973 746 2039 Tiberio
780 1994 857 2039 cum
882 1972 1080 2038 Germanico
1112 1992 1183 2038 esse
1215 1973 1404 2058 putabant;

224 2080 348 2146 etenim
371 2081 472 2146 huius
496 2086 636 2146 mortem
661 2079 840 2145 doluerunt
863 2080 1023 2160 «officiam
1045 2081 1281 2161 inprimebam
1297 2081 1403 2155 ratim

224 2186 266 2251 cf.
291 2185 368 2251 Tac.
393 2187 452 2265 ΠΙ,
481 2190 507 2251 l.
555 2185 667 2270 Atque
701 2184 800 2249 etiam
836 2183 1064 2263 Germanicus,
1102 2189 1141 2249 ut
1172 2185 1405 2271 principatum

224 2297 394 2377 appeteret
415 2312 505 2357 anno
531 2292 581 2371 14,
606 2296 740 2356 tantum
763 2290 856 2370 afuit,
887 2296 927 2355 ut
950 2295 982 2354 et
1004 2289 1154 2375 impense
1182 2312 1242 2376 pro
1265 2289 1404 2356 Tiberio

225 2397 385 2462 niteretur
419 2397 507 2484 (Tac.
532 2419 610 2463 ann.
635 2399 660 2477 Ι,
686 2395 740 2483 34)
771 2403 803 2462 et
836 2396 958 2462 milites
987 2397 1141 2462 incitatos
1165 2396 1279 2462 sedare
1302 2417 1403 2464 cona·

224 2510 315 2570 retur
341 2506 542 2586 «praecipitis
564 2506 713 2571 laudibus
729 2505 887 2570 celebrans
910 2525 990 2585 quoe
1013 2504 1101 2584 opud
1116 2503 1310 2570 Germanias
1334 2505 1403 2570 iltis

223 2632 296 2676 cum
318 2612 490 2694 teyiocibcs
505 2613 725 2692 pulcherrimo
745 2611 887 2692 fecisset»
914 2607 1065 2673 Tiberius
1088 2606 1177 2694 (ann.
1201 2608 1227 2688 Ι,
1253 2609 1305 2673 34.
1332 2605 1400 2694 42).

224 2716 294 2781 Nec
316 2737 394 2782 vero
417 2714 517 2780 modo
541 2737 610 2782 non
630 2715 804 2781 invidebat
819 2714 971 2781 Tiberius
987 2714 1194 2793 Germanico,
1213 2714 1272 2779 sed
1295 2716 1402 2781 etiam

224 2821 342 2888 eadem
376 2821 522 2887 amicitia
559 2826 661 2908 atque
695 2823 830 2887 caritate
866 2842 944 2886 eum
983 2819 1262 2905 complectebatur
1296 2827 1402 2907 atque

224 2927 373 2993 Drusum
396 2927 504 2993 filium
528 2950 637 2994 suurn.
684 2929 818 2994 Etenim
843 2948 921 2993 cum
944 2927 1085 2992 honores
1109 2926 1173 2990 sibi
1195 2925 1363 3013 matrique
1380 2947 1401 2990 a

224 3040 343 3099 senatu
378 3034 507 3100 oblatos
541 3055 570 3099 a.
597 3036 639 3099 14
672 3039 847 3113 recusaret,
884 3032 1083 3098 Germanico
1116 3037 1315 3118 perpetuum
1337 3032 1400 3097 im·

223 3140 352 3227 perium
375 3139 609 3225 proconsulare
631 3140 749 3226 petivit
771 3139 858 3226 (Tac.
884 3159 961 3203 ann.
986 3139 1011 3218 Ι,
1040 3141 1096 3217 14;
1122 3137 1160 3202 cf.
1181 3137 1280 3223 Nipp.
1306 3135 1400 3224 adn.)
1471 3135 1473 3140 ’

222 3254 257 3313 et
287 3247 530 3312 summissum
565 3244 702 3312 donavit
736 3244 940 3311 ornamentis
979 3243 1021 3310 ob
1055 3265 1107 3308 res
1145 3243 1181 3306 in
1216 3243 1401 3309 Germania

221 3357 333 3438 gestas
367 3350 456 3438 (Tac.
481 3373 559 3418 ann.
584 3352 609 3431 Ι,
636 3353 689 3418 55.
715 3353 772 3431 58;
796 3351 838 3431 ΙΙ,
863 3354 905 3416 41
920 3349 990 3437 sq.).
1038 3349 1176 3414 Accedit
1198 3347 1288 3434 quod
1304 3348 1399 3416 Taci-

223 3465 279 3523 tus
303 3457 478 3524 commode
501 3459 615 3524 scribit
642 3463 675 3523 et
696 3459 748 3538 H,-
764 3460 821 3524 44:
851 3459 1019 3523 «Tiberias
1041 3479 1074 3522 sc
1096 3459 1242 3522 tutiorem
1265 3457 1399 3522 recator

223 3572 358 3648 atroque
378 3565 445 3646 filio
468 3565 600 3647 tectores
619 3567 790 3631 obtinentes
817 3570 850 3629 et
872 3564 931 3643 ΙΙΙ,
957 3565 999 3629 56
1031 3583 1120 3627 «crim
1142 3562 1292 3627 incolomi
1316 3561 1398 3627 Ger-

221 3673 349 3738 mocico
374 3674 530 3754 iateyrum
552 3673 636 3735 irater
659 3671 738 3736 duos
760 3672 916 3735 iudicium
939 3670 1106 3733 tmuisseti
1137 3665 1397 3752 (scilTiberius

223 3776 311 3841 inter
337 3777 487 3842 Drusum
516 3781 548 3840 et
575 3771 835 3860 Germanicum).
867 3774 997 3839 Fratres
1025 3778 1138 3838 autem
1165 3776 1303 3858 «corceio
1326 3795 1397 3841 coa-

222 3883 332 3948 cordes
366 3890 395 3947 ct
422 3885 645 3964 proximorum
680 3881 903 3948 certaminibus
939 3881 1134 3946 inconcussi»
1173 3884 1279 3958 erant,
1316 3878 1394 3946 Tac.

222 3987 267 4067 II,
291 3989 343 4052 43.
361 4023 406 4034 —-
422 3987 590 4064 Quoniam
605 3988 720 4052 inania
735 4009 805 4052 esse
828 3992 1026 4074 argumenta
1040 3985 1195 4063 vidimus,
1221 4005 1307 4070 quae
1325 3985 1397 4071 qui·

225 4092 288 4158 bus
318 4091 442 4157 Tiberii
477 4092 721 4158 cunctationem
754 4094 915 4178 probaret,
952 4091 1131 4157 Suetonius
1164 4091 1291 4169 attulit,
1327 4092 1396 4157 iam

222 4219 321 4285 porro
354 4197 412 4262 illa
444 4198 705 4277 consideremus,
748 4218 834 4284 quae
868 4197 1006 4284 protulit
1039 4197 1184 4262 Tacitus.
1242 4196 1395 4273 Quorum

223 4305 370 4390 primum
394 4303 521 4369 nuliius
537 4304 699 4369 momenti
714 4324 785 4369 esse
800 4303 1035 4389 cognorimus:
1060 4323 1163 4389 quare
1186 4302 1229 4368 ad
1252 4302 1395 4368 alterum

222 4408 312 4475 illico
335 4410 543 4478 accedamus.
578 4409 690 4494 Atque
713 4409 809 4474 mitto
833 4408 940 4475 dicere
963 4408 1005 4474 de
1019 4408 1128 4475 verbis
1155 4431 1230 4492 «per
1245 4412 1395 4474 cromam
1504 4495 1506 4500 Ι
