3084 5050
630 411 846 474 „63-

141 607 385 682 adulabantur,
410 610 524 672 tamen
547 603 646 670 multi
667 602 866 676 invidebant
892 599 1038 669 Romani
1065 603 1118 690 (cf.
1142 605 1221 671 Tac.
1237 623 1324 670 ann.

148 713 210 785 IV.
237 715 293 791 743
317 711 383 778 Dio
406 712 459 790 58,
484 711 515 775 5.
542 708 605 796 11),
630 709 821 775 Germanici
850 715 964 775 autem
991 710 1091 796 stirps
1112 709 1248 796 vigebat
1268 708 1326 774 illo

149 828 298 906 tempore
332 823 365 883 61
395 816 635 903 gratiosissima
665 821 736 882 erat
769 815 860 902 apud
893 816 1019 882 multos
1051 814 1103 902 (cf.
1133 815 1212 882 Tac.
1245 837 1324 881 ann.

150 926 193 1006 V,
227 929 265 1004 4;
302 945 370 1010 qua
401 943 436 989 re
472 921 636 1001 Tiberine,
670 943 748 987 oum
782 920 942 988 Seianum
980 923 1184 1009 opprimeret
1216 943 1245 987 a.
1270 923 1324 1000 31,

148 1032 309 1110 Drusum,
343 1028 534 1095 Germanici
563 1028 680 1108 filium,
716 1048 940 1094 successorem
975 1027 1039 1093 sibi
1072 1026 1265 1106 destinavit,
1297 1027 1326 1092 si

149 1138 303 1203 futurum
333 1142 427 1214 esset,
459 1141 498 1199 ut
529 1133 669 1200 Seianus
701 1132 765 1199 alio
797 1133 898 1199 modo
930 1134 1074 1220 opprimi
1100 1155 1171 1199 non
1196 1139 1324 1220 possea

149 1245 191 1314 cf.
216 1244 293 1308 Tac.
317 1263 397 1308 ann.
421 1240 560 1318 V1‚23;
589 1239 654 1306 Dio
677 1241 732 1318 58,
759 1238 820 1326 13).
867 1241 985 1325 Itaque
1007 1241 1104 1319 Nero,
1136 1238 1326 1304 Germanici

150 1371 193 1416 ex
214 1347 400 1435 Agrippina
422 1346 521 1426 filine,
546 1345 678 1412 'liberio
701 1346 924 1423 successisset,
949 1346 976 1411 si
999 1344 1152 1410 Tiberius
1168 1343 1225 1410 illo
1246 1349 1326 1409 tem-

149 1476 230 1542 pore
250 1459 404 1518 mortuus
428 1458 522 1532 esset,
547 1472 616 1518 non
640 1452 790 1518 Seianus.
838 1452 950 1529 Quam
982 1450 1025 1516 ob
1054 1471 1124 1515 rem
1146 1450 1203 1515 hic
1224 1469 1268 1514 ne
1289 1449 1324 1515 in

150 1561 340 1626 discrimine
369 1557 508 1644 quidem
539 1558 620 1623 anni
652 1559 694 1623 31
728 1557 797 1624 vim
834 1556 993 1624 adhibere
1031 1575 1134 1622 ausus
1175 1561 1237 1634 est;
1283 1555 1324 1619 cf.

150 1667 214 1732 Dio
237 1667 291 1744 58,
317 1667 346 1730 8.

239 1770 326 1837 Satis
355 1770 457 1856 igitur
488 1769 647 1836 Seianum
680 1776 756 1856 post
793 1775 934 1834 mortem
967 1768 1067 1834 Drusi
1101 1768 1324 1854 principatum

150 1878 323 1944 affectasse
346 1881 492 1963 apparet,
526 1875 582 1942 sed
616 1875 802 1941 eruendum
833 1895 968 1960 quoque
997 1873 1115 1948 estid
1141 1872 1325 1959 quodgra-

150 1983 324 2049 vissimum
350 1987 408 2060 est,
434 1987 549 2047 utrum
578 1981 716 2066 ignarus
748 1980 847 2046 fuerit
870 1979 1018 2046 Velleius
1045 1979 1214 2046 aviditatis
1236 1979 1326 2044 illius

150 2087 336 2175 imperandi
367 2108 430 2153 nec
461 2107 513 2152 ne.
569 2085 686 2171 Neque
723 2107 802 2150 eum
837 2085 949 2151 Seiani
985 2088 1168 2152 «libidinem
1201 2107 1326 2152 samma

151 2195 368 2277 adipiscendi»
395 2193 590 2279 cognovisse
611 2192 789 2258 verisimile
812 2198 869 2258 est.
902 2193 980 2258 Non
1001 2193 1091 2258 enim
1114 2197 1192 2257 ante
1216 2190 1326 2256 Seiani

141 2300 322 2366 »interitum
354 2300 465 2378 fuisse,
498 2299 558 2383 qui
589 2298 642 2365 vel
671 2297 888 2384 cupiditatem
917 2299 987 2364 eius
1015 2303 1251 2385 cognoscerent
1272 2296 1326 2364 vel

150 2406 281 2472 crimini
312 2406 341 2471 ei
375 2404 502 2485 darent,
537 2426 579 2470 ex
601 2403 708 2470 Taciti
734 2405 942 2490 aliorumque
980 2405 1109 2490 scriptis
1147 2409 1238 2490 patet
1271 2401 1323 2487 (cf.

149 2535 182 2600 p.
207 2509 269 2592 64).

240 2617 407 2694 Quoniam
430 2617 520 2683 iusta
542 2637 582 2682 ac
604 2638 683 2685 vera
704 2637 775 2684 esse
790 2616 937 2684 vidimus
961 2638 1008 2696 ea,
1033 2635 1120 2702 quae
1147 2615 1189 2681 de
1211 2615 1323 2681 Seiani

151 2743 285 2810 corpore
307 2729 409 2809 atque
432 2722 566 2808 ingenio
589 2721 738 2789 Velleius
761 2723 940 2790 memoriae
962 2722 1117 2809 prodidit,
1137 2724 1205 2788 iarn
1228 2743 1325 2808 porro

153 2829 253 2896 verba
265 2827 506 2906 examinemus,
518 2849 605 2913 quae
620 2835 701 2894 sunt
718 2830 791 2908 127,
809 2829 843 2893 3:
869 2831 1081 2912 «uapularem
1090 2831 1326 2911 principalium

152 2958 281 3003 6666666
304 2937 482 3002 adiutorem
504 2936 540 3000 iu
563 2937 670 3001 orauia
691 2937 803 3001 habuit
825 2942 918 3017 alque
941 2936 1032 3001 babet
1059 2933 1139 3021 (scil.
1165 2933 1325 3000 Seianum

151 3037 345 3125 Tiberiusli.
392 3040 505 3124 Atque
527 3038 682 3106 adiutum
705 3040 876 3106 Tiberium
899 3040 1156 3125 rempublicam
1187 3041 1323 3106 admini-

152 3153 312 3214 strantem
335 3167 405 3212 esse
428 3167 448 3212 a
472 3145 592 3211 Seiano
615 3147 708 3212 testis
733 3152 783 3212 est
805 3146 940 3212 Tacitus
968 3167 1048 3212 ann.
1070 3145 1121 3212 IV
1123 3194 1130 3224 ,
1156 3148 1189 3211 2:
1218 3148 1327 3228 «facili

156 3254 279 3319 Tiberio
294 3260 387 3335 atque
406 3255 453 3318 ita
469 3274 585 3333 prauo,
609 3260 645 3318 ut
666 3257 785 3320 6661666
800 3255 944 3320 laborum
966 3275 1030 3320 ucri
1044 3253 1133 3318 modo
1153 3255 1189 3318 iu
1210 3275 1325 3326 666666,

151 3361 253 3437 uibus,
278 3359 334 3424 sed
358 3359 446 3439 apud
462 3366 585 3440 patres.
599 3367 628 3425 et
643 3361 801 3441 populum
817 3361 984 3425 celebraret
999 3361 1116 3441 colique
1124 3381 1188 3441 per
1203 3361 1325 3426 tbcatra

152 3471 180 3530 et
200 3466 274 3546 fora
298 3465 415 3548 cffiyics
439 3467 506 3530 cius
529 3467 672 3548 interque
688 3467 858 3547 principia
873 3467 1028 3548 leyiouuru
1043 3467 1191 3531 sineret».
1220 3464 1325 3542 Quae·

151 3570 295 3635 rendum
326 3576 440 3636 autem
474 3576 524 3635 est
551 3590 618 3654 quo
642 3569 744 3635 modo
760 3569 901 3635 Seianus
917 3590 995 3635 eum
1011 3569 1183 3637 adiuverit.
1208 3571 1326 3656 Neque

152 3677 241 3742 enim
273 3677 408 3742 Tacitus
440 3697 491 3742 res
523 3676 567 3741 ab
597 3696 635 3741 eo
664 3681 774 3761 gestas
806 3675 931 3742 laudat.
979 3676 1070 3753 Quin
1104 3678 1205 3742 etiam
1239 3698 1324 3742 com-

151 3780 303 3868 pluribus
326 3782 408 3848 locis
430 3781 467 3846 in
490 3803 568 3847 eum
591 3782 761 3849 invehitur
784 3780 874 3868 (ann.
898 3786 924 3860 I,
949 3784 1008 3860 69;
1032 3783 1091 3860 ΠΙ,
1109 3784 1161 3849 29.
1187 3784 1243 3862 35;
1263 3783 1323 3862 Ν,

152 3890 182 3953 8.
215 3889 264 3952 12.
299 3890 350 3953 17.
384 3891 434 3954 18.
466 3889 511 3953 54
538 3885 611 3973 616.)
640 3893 674 3953 61
703 3887 762 3966 Ν,
790 3890 830 3953 12
864 3889 1014 3969 «ferocem
1045 3890 1214 3955 sederam»
1246 3910 1324 3955 eum

151 3995 296 4080 appellat
326 4000 358 4060 et
388 3993 448 4074 IV,
481 3995 522 4060 68
555 3993 669 4059 scribit
699 3994 796 4059 haec:
832 3993 961 4062 «Sciam
992 3996 1136 4062 voluutas
1164 4017 1228 4063 666
1259 3999 1325 4063 uisi

150 4101 264 4166 scelere
286 4102 527 4183 quaerebatur».
560 4098 656 4165 Alis
679 4099 808 4166 alienus
831 4100 896 4165 fuit
918 4121 938 4165 a
961 4099 1090 4167 Seiano.
1127 4101 1216 4180 Quid
1233 4101 1323 4186 quod

150 4206 222 4291 ipse
239 4204 399 4272 Seianum
411 4205 577 4291 usquead
597 4227 727 4272 annum
740 4208 782 4272 23
799 4206 926 4272 bonum
943 4227 978 4272 se
993 4206 1195 4292 praestitisse
1210 4207 1324 4274 scribit

151 4332 230 4377 ann.
254 4311 314 4394 Ν,
339 4314 377 4378 7;
406 4315 594 4395 «1666616616
617 4316 720 4381 adbuc
734 4316 880 4396 potentia
905 4315 993 4382 bouis
1016 4316 1155 4380 consiliis
1170 4323 1324 4383 notescere

150 4420 289 4485 volcbal»
323 4416 403 4505 (scil.
438 4417 603 4506 Seianus)l
650 4420 768 4506 Neque
796 4441 848 4486 res
879 4420 986 4500 affert,
1016 4421 1140 4506 quibus
1164 4420 1322 4487 Seianum
