3084 5050
591 405 808 468 ,45-

111 601 229 666 suisset
260 599 401 678 Tiberio,
436 597 645 664 Horstmann
679 619 711 682 p.
743 599 875 664 tio-55
910 599 1188 666 verisimillimum
1217 621 1289 668 esse

111 705 234 772 docmt.
281 705 440 772 Similiter
461 711 574 770 autem
606 709 707 788 atque
730 704 865 770 Tacitus
888 705 952 770 Dio
985 706 1158 772 historiam
1190 728 1285 773 suam

111 813 313 898 composuit;
340 832 486 896 namque
505 817 544 876 ut
559 810 705 890 Tacitus,
730 831 938 896 quamquam
962 832 1000 877 ea
1027 835 1126 896 «quae
1141 815 1288 880 derebus

111 920 245 984 urbanis
279 921 391 999 refert,
433 940 472 984 ea
503 921 583 983 actis
615 924 744 983 seuatus
767 919 913 999 profecta
946 925 1040 983 suut»
1076 919 1285 1004 (Hoffmann,

110 1047 141 1110 p.
165 1023 298 1110 3-31),
322 1029 436 1089 tamen
470 1029 545 1088 acta
576 1027 712 1087 senatus
747 1043 817 1087 non
848 1023 952 1088 oculis
981 1023 1202 1109 perlustravit,
1228 1024 1286 1091 sed

116 1155 188 1213 «per
209 1139 370 1196 auctorem
393 1132 440 1196 uel
462 1137 605 1196 auctores
628 1151 665 1195 ea
682 1131 871 1211 pierumque
889 1132 1053 1196 adhibuit»
1075 1128 1284 1215 (Hoffmann,

111 1260 140 1323 p.
165 1234 320 1322 {ta-51),
344 1237 392 1300 ita
414 1236 487 1314 Dio,
518 1235 577 1320 qui
600 1241 712 1320 aperte
741 1235 855 1300 scribit
877 1237 930 1314 53,
957 1237 999 1302 19
1033 1257 1142 1302 seres
1165 1236 1243 1304 inde
1267 1259 1287 1304 a

112 1342 291 1408 (laesarum
306 1341 512 1428 temporibus
527 1347 636 1426 gestas
653 1339 860 1406 conscribere
882 1342 964 1407 actis
988 1348 1020 1408 et
1040 1344 1288 1410 commentariis

111 1449 252 1535 publicis
284 1448 442 1534 neglectis
476 1446 558 1512 alios
592 1468 704 1512 rerum
735 1447 907 1532 scriptores
937 1455 1098 1514 secutum.
1144 1449 1287 1536 Deque

112 1555 217 1620 Sickel
240 1577 272 1640 p.
298 1556 341 1620 38
364 1554 526 1619 iudicium
550 1554 627 1619 tulit
650 1554 729 1618 hoc:
771 1554 855 1620 «Dio
878 1557 1002 1620 iuvita
1028 1557 1150 1622 Tiberii
1168 1558 1285 1623 deseri

113 1663 207 1726 beuda
235 1663 384 1742 plurim
414 1697 460 1706 -
490 1683 530 1726 uc
557 1662 661 1725 dicam
684 1661 791 1726 amaia
814 1697 858 1706 -
886 1681 924 1724 eu
946 1681 1009 1726 uuo
1031 1666 1184 1744 scriptore
1204 1665 1284 1730 liau-

112 1770 185 1832 sisse
212 1769 360 1845 uidetur,
395 1789 486 1849 quem
513 1788 583 1832 curu
607 1768 682 1832 aliis
713 1767 842 1832 Tacitus
875 1774 904 1832 et
933 1765 1102 1834 Suetonius
1135 1771 1284 1836 adbibue-

113 1880 215 1937 raut».
264 1872 463 1937 Suetonium
497 1871 642 1957 denique
675 1872 797 1956 scripta
829 1871 1022 1938 adhibuisse
1053 1873 1199 1940 hominis
1223 1895 1283 1940 no·

113 1978 184 2044 bilis
207 1986 310 2063 atque
333 1977 491 2056 eiusdem,
517 1979 612 2042 cuius
635 1977 798 2057 Tacitum,
824 1999 1071 2062 cognoscemus,
1097 1981 1124 2046 si
1147 2001 1214 2068 qua
1235 1999 1283 2046 ra·

113 2086 197 2150 tione
221 2105 360 2149 causam
376 2083 523 2169 Lepidae
545 2084 736 2164 narraverit,
761 2083 1088 2152 consideraverimus.
1137 2087 1181 2152 Et
1204 2088 1282 2156 veri·

114 2193 214 2256 simile
239 2198 290 2256 est
312 2191 483 2256 hominem
507 2191 603 2256 illum
619 2190 776 2270 nobilem,
801 2190 860 2275 qui
883 2197 998 2256 auctor
1020 2198 1090 2258 erat
1113 2192 1281 2272 Suetonio

114 2298 234 2377 Tacito,
251 2297 361 2376 Dioni,
388 2297 595 2362 consularem
619 2318 697 2362 eum
714 2319 792 2377 esse,
810 2319 830 2363 a
846 2319 913 2384 quo
929 2298 1066 2364 annales
1083 2299 1283 2384 compositos

114 2423 178 2469 esse
202 2403 383 2468 Suetonius
414 2409 651 2468 commemorat
666 2403 739 2468 Tib.
757 2407 816 2482 61;
846 2425 993 2490 namque
1016 2402 1131 2469 eadem
1155 2405 1283 2470 ratione

114 2509 268 2575 hocloco
291 2517 406 2575 auctor
430 2510 568 2575 Suetoni
590 2510 639 2589 iis,
664 2530 750 2595 quae
774 2509 815 2574 de
837 2510 984 2578 Pacuvio
1008 2510 1186 2577 memoriae
1210 2531 1281 2596 pro·

114 2615 201 2696 didit,
227 2616 475 2681 simulationem
497 2636 536 2680 ac
557 2616 729 2683 saevitiam
745 2616 869 2682 Tiberii
890 2615 1055 2682 illustrare
1078 2617 1190 2683 studet
1214 2637 1282 2704 qua

113 2722 243 2788 Tacitus
267 2743 306 2788 ac
328 2723 401 2788 Dio.

196 2829 274 2906 Quo
308 2829 409 2894 modo
441 2828 614 2894 historiam
655 2829 880 2914 composuerit
917 2834 1051 2907 auctor,
1094 2829 1123 2894 si
1155 2829 1281 2913 quaeri·

113 2955 193 3010 mus,
214 2935 385 3000 laudanda
401 2935 532 3002 videtur
555 2956 625 3000 esse
649 2934 813 2999 sententia
836 2934 1067 3014 Horstrnanni,
1092 2935 1151 3020 qui
1167 2933 1209 3020 (p.
1226 2933 1282 3021 bb)

113 3061 186 3105 eum
201 3041 412 3106 contexuisse
435 3047 536 3126 atque
561 3040 733 3127 copulasse
754 3045 867 3105 censet
881 3047 920 3104 ut
935 3046 1009 3106 acta
1025 3047 1170 3121 senatus,
1195 3061 1282 3126 quae

113 3146 239 3212 Tiberio
255 3147 424 3226 favissent,
445 3147 492 3212 ita
515 3146 664 3211 carmina
684 3145 722 3211 in
745 3146 868 3211 Tiberii
898 3147 1055 3212 iniuriam
1078 3146 1166 3212 facta
1189 3153 1222 3212 et
1244 3153 1282 3212 ut

24 3257 25 3298 ³
113 3272 154 3333 ea,
179 3273 267 3338 quae
290 3253 380 3317 lama
407 3253 603 3330 nuntiasset,
629 3254 676 3318 ita
699 3273 747 3334 ea,
780 3273 866 3339 quae
889 3254 959 3340 ipse
982 3261 1042 3318 aut
1063 3252 1200 3320 vidisset
1222 3259 1283 3318 aut

24 3341 25 3420 i
111 3359 263 3424 audisset.
297 3357 438 3444 Copiosa
457 3365 543 3424 certe
565 3360 709 3424 auctoris
726 3359 901 3445 descriptio
924 3364 1009 3436 erat;
1035 3358 1157 3423 etenim
1173 3359 1281 3426 varias

24 3439 26 3508 1
111 3485 184 3530 cum
209 3465 391 3530 sententias
415 3463 589 3550 diligenter
611 3485 819 3550 comparasse
841 3471 943 3549 atque
965 3463 1142 3530 adnotasse
1157 3465 1281 3532 intelle·

110 3571 196 3655 gitur
219 3592 260 3637 ex
283 3593 331 3650 eo,
349 3571 439 3656 quod
463 3571 631 3637 variorum
646 3571 795 3638 virorum
811 3570 991 3635 sententias
1006 3570 1178 3636 nonnullis
1200 3571 1281 3637 locis

24 3699 26 3770 ζ
110 3679 386 3764 transcripserunt
400 3677 544 3756 Tacitus,
569 3677 643 3756 Dio,
669 3676 864 3754 Suetonius;
890 3677 930 3743 cf.
949 3676 1057 3742 Sickel
1078 3698 1110 3761 p.
1136 3676 1278 3742 39-41,

24 3809 25 3856 i
110 3782 217 3870 Atque
249 3784 475 3870 copiosissime
505 3805 557 3848 res
588 3784 737 3850 narravit
766 3783 904 3847 idoneas
933 3781 977 3846 ad
999 3780 1135 3845 laudem
1157 3780 1280 3846 Tiberii

111 3887 370 3955 diminuendam.
418 3889 517 3966 Quod
540 3896 579 3954 ut
608 3889 670 3955 tibi
698 3887 908 3973 persuadeas,
942 3893 1070 3971 quanta
1102 3907 1180 3952 cum
1211 3886 1280 3953 dili·

110 3997 217 4080 gentia
232 4017 382 4062 rumores
397 3996 446 4060 illi
464 3996 589 4060 narrati
605 3996 681 4074 sint,
707 3993 896 4074 recorderis,
921 3993 1091 4079 quierant
1113 3992 1154 4059 de
1177 3993 1280 4058 homi·

24 4121 25 4188 i
109 4102 206 4168 nibus
242 4124 262 4166 a
290 4101 423 4167 Tiberio
455 4100 499 4188 (et
521 4124 542 4167 a
564 4099 669 4186 livia)
698 4121 828 4167 veneno
858 4100 999 4179 necatis;
1032 4099 1072 4165 cl.
1098 4099 1174 4165 Tac.
1199 4120 1278 4165 ann.

24 4223 25 4248 l
109 4206 164 4288 IV,
184 4211 238 4274 11:
260 4231 377 4292 «aeque
392 4211 559 4292 quisquam
574 4211 711 4290 scriptor
726 4216 792 4274 tam
807 4208 951 4288 iufeusus
967 4207 1078 4285 estitit,
1102 4214 1138 4280 ut
1156 4207 1280 4271 Tiberio

24 4311 25 4398 ζ
109 4316 278 4394 auerteret,
301 4337 373 4380 euru
396 4317 503 4381 amaia
525 4317 592 4381 alia
608 4317 827 4398 cauquirereut
842 4313 1129 4394 inuaderentque».
1164 4309 1280 4395 Neque

110 4420 178 4486 sine
198 4422 248 4486 ira
272 4428 305 4486 et
323 4420 434 4487 studio
450 4422 623 4486 historiam
639 4425 754 4485 auctor
769 4419 823 4484 ille
847 4418 1050 4504 conscripsit,
1074 4417 1133 4484 sed
1149 4415 1280 4482 Tiberio
