<?xml version="1.0" encoding="UTF-8"?>
<!DOCTYPE html PUBLIC "-//W3C//DTD XHTML 1.0 Transitional//EN"
    "http://www.w3.org/TR/xhtml1/DTD/xhtml1-transitional.dtd">
<html xmlns="http://www.w3.org/1999/xhtml" xml:lang="en" lang="en">
 <head>
  <title>
</title>
<meta http-equiv="Content-Type" content="text/html;charset=utf-8" />
  <meta name='ocr-system' content='tesseract 3.04.00' />
  <meta name='ocr-capabilities' content='ocr_page ocr_carea ocr_par ocr_line ocrx_word'/>
</head>
<body>
  <div class='ocr_page' id='page_1' title='image "./develleipatercu01fausgoog_0059.png"; bbox 0 0 3084 5050; ppageno 0'>
   <div class='ocr_carea' id='block_1_1' title="bbox 708 421 927 485">
    <p class='ocr_par' dir='ltr' id='par_1_1' title="bbox 708 421 927 485">
     <span class='ocr_line' id='line_1_1' title="bbox 708 421 927 485; baseline 0.005 -19"><span class='ocrx_word' id='word_1_1' title='bbox 708 421 927 485; x_wconf 64' lang='lat'>..52-</span> 
     </span>
    </p>
   </div>
   <div class='ocr_carea' id='block_1_2' title="bbox 231 612 1412 1020">
    <p class='ocr_par' dir='ltr' id='par_1_2' title="bbox 231 612 1412 1020">
     <span class='ocr_line' id='line_1_2' title="bbox 232 612 1408 690; baseline 0.003 -10"><span class='ocrx_word' id='word_1_2' title='bbox 232 617 311 680; x_wconf 74' lang='lat' dir='ltr'>esti»</span> <span class='ocrx_word' id='word_1_3' title='bbox 360 612 492 690; x_wconf 81' lang='lat' dir='ltr'>Quibus</span> <span class='ocrx_word' id='word_1_4' title='bbox 515 612 623 680; x_wconf 87' lang='lat' dir='ltr'>verbis</span> <span class='ocrx_word' id='word_1_5' title='bbox 646 632 715 678; x_wconf 89' lang='lat' dir='ltr'>non</span> <span class='ocrx_word' id='word_1_6' title='bbox 737 613 860 680; x_wconf 88' lang='lat' dir='ltr'>iniuste</span> <span class='ocrx_word' id='word_1_7' title='bbox 883 635 965 680; x_wconf 89' lang='lat' dir='ltr'>usus</span> <span class='ocrx_word' id='word_1_8' title='bbox 987 614 1119 682; x_wconf 86' lang='lat' dir='ltr'>videtur</span> <span class='ocrx_word' id='word_1_9' title='bbox 1141 635 1220 682; x_wconf 87' lang='lat' dir='ltr'>esse.</span> <span class='ocrx_word' id='word_1_10' title='bbox 1267 617 1408 683; x_wconf 84' lang='lat' dir='ltr'>Etenim</span> 
     </span>
     <span class='ocr_line' id='line_1_3' title="bbox 231 717 1412 806; baseline 0.003 -21"><span class='ocrx_word' id='word_1_11' title='bbox 231 717 417 806; x_wconf 84' lang='lat' dir='ltr'>Agrippina</span> <span class='ocrx_word' id='word_1_12' title='bbox 439 718 564 784; x_wconf 88' lang='lat' dir='ltr'>femine</span> <span class='ocrx_word' id='word_1_13' title='bbox 586 723 656 784; x_wconf 84' lang='lat' dir='ltr'>erat</span> <span class='ocrx_word' id='word_1_14' title='bbox 677 739 748 786; x_wconf 91' lang='lat' dir='ltr'>non</span> <span class='ocrx_word' id='word_1_15' title='bbox 771 718 871 786; x_wconf 92' lang='lat' dir='ltr'>modo</span> <span class='ocrx_word' id='word_1_16' title='bbox 892 720 1055 806; x_wconf 86' lang='lat' dir='ltr'>regnandi</span> <span class='ocrx_word' id='word_1_17' title='bbox 1079 718 1255 786; x_wconf 86' lang='lat' dir='ltr'>sedetiam</span> <span class='ocrx_word' id='word_1_18' title='bbox 1270 722 1412 789; x_wconf 84' lang='lat' dir='ltr'>rixandi</span> 
     </span>
     <span class='ocr_line' id='line_1_4' title="bbox 232 823 1407 908; baseline 0.003 -18"><span class='ocrx_word' id='word_1_19' title='bbox 232 823 437 903; x_wconf 86' lang='lat' dir='ltr'>avidissime;</span> <span class='ocrx_word' id='word_1_20' title='bbox 462 825 502 890; x_wconf 85' lang='lat' dir='ltr'>ol.</span> <span class='ocrx_word' id='word_1_21' title='bbox 527 825 605 890; x_wconf 85' lang='lat' dir='ltr'>Teo.</span> <span class='ocrx_word' id='word_1_22' title='bbox 629 846 710 891; x_wconf 87' lang='lat' dir='ltr'>ann.</span> <span class='ocrx_word' id='word_1_23' title='bbox 733 826 758 906; x_wconf 96' lang='lat' dir='ltr'>I,</span> <span class='ocrx_word' id='word_1_24' title='bbox 784 828 841 906; x_wconf 85' lang='lat'>33;</span> <span class='ocrx_word' id='word_1_25' title='bbox 873 826 916 906; x_wconf 90' lang='grc' dir='ltr'>Π,</span> <span class='ocrx_word' id='word_1_26' title='bbox 942 825 1081 906; x_wconf 77' lang='lat' dir='ltr'>72;V1,</span> <span class='ocrx_word' id='word_1_27' title='bbox 1108 825 1167 904; x_wconf 82' lang='grc'>25;</span> <span class='ocrx_word' id='word_1_28' title='bbox 1198 827 1262 893; x_wconf 92' lang='lat' dir='ltr'>Dio</span> <span class='ocrx_word' id='word_1_29' title='bbox 1286 829 1338 907; x_wconf 80' lang='grc'>57,</span> <span class='ocrx_word' id='word_1_30' title='bbox 1366 831 1407 908; x_wconf 90' lang='grc'>6;</span> 
     </span>
     <span class='ocr_line' id='line_1_5' title="bbox 232 929 1412 1020; baseline 0.003 -24"><span class='ocrx_word' id='word_1_31' title='bbox 232 930 320 996; x_wconf 88' lang='lat' dir='ltr'>Suet.</span> <span class='ocrx_word' id='word_1_32' title='bbox 345 929 418 996; x_wconf 88' lang='lat' dir='ltr'>Tib.</span> <span class='ocrx_word' id='word_1_33' title='bbox 444 931 496 996; x_wconf 88' lang='grc'>53.</span> <span class='ocrx_word' id='word_1_34' title='bbox 530 929 624 1007; x_wconf 81' lang='lat' dir='ltr'>Quae</span> <span class='ocrx_word' id='word_1_35' title='bbox 645 929 767 996; x_wconf 81' lang='lat' dir='ltr'>laetata</span> <span class='ocrx_word' id='word_1_36' title='bbox 789 937 839 997; x_wconf 89' lang='lat' dir='ltr'>est</span> <span class='ocrx_word' id='word_1_37' title='bbox 861 937 967 997; x_wconf 88' lang='lat' dir='ltr'>morte</span> <span class='ocrx_word' id='word_1_38' title='bbox 982 932 1091 1011; x_wconf 87' lang='lat' dir='ltr'>Drusi,</span> <span class='ocrx_word' id='word_1_39' title='bbox 1112 931 1236 998; x_wconf 87' lang='lat' dir='ltr'>Tiberii</span> <span class='ocrx_word' id='word_1_40' title='bbox 1249 933 1318 1014; x_wconf 87' lang='lat' dir='ltr'>filii,</span> <span class='ocrx_word' id='word_1_41' title='bbox 1335 955 1412 1020; x_wconf 84' lang='lat' dir='ltr'>qua</span> 
     </span>
    </p>
   </div>
   <div class='ocr_carea' id='block_1_3' title="bbox 229 1033 1411 2709">
    <p class='ocr_par' dir='ltr' id='par_1_3' title="bbox 229 1033 1411 2709">
     <span class='ocr_line' id='line_1_6' title="bbox 230 1033 1411 1123; baseline 0.007 -25"><span class='ocrx_word' id='word_1_42' title='bbox 230 1037 300 1102; x_wconf 82' lang='lat' dir='ltr'>suis</span> <span class='ocrx_word' id='word_1_43' title='bbox 322 1033 399 1102; x_wconf 88' lang='lat' dir='ltr'>filiis</span> <span class='ocrx_word' id='word_1_44' title='bbox 421 1057 496 1122; x_wconf 88' lang='lat' dir='ltr'>spes</span> <span class='ocrx_word' id='word_1_45' title='bbox 518 1036 696 1102; x_wconf 89' lang='lat' dir='ltr'>iniceretur</span> <span class='ocrx_word' id='word_1_46' title='bbox 716 1038 822 1123; x_wconf 86' lang='lat' dir='ltr'>regni;</span> <span class='ocrx_word' id='word_1_47' title='bbox 849 1037 888 1104; x_wconf 85' lang='lat' dir='ltr'>cl.</span> <span class='ocrx_word' id='word_1_48' title='bbox 914 1037 992 1104; x_wconf 82' lang='lat' dir='ltr'>Tac.</span> <span class='ocrx_word' id='word_1_49' title='bbox 1016 1058 1095 1104; x_wconf 83' lang='lat' dir='ltr'>ann.</span> <span class='ocrx_word' id='word_1_50' title='bbox 1117 1037 1176 1117; x_wconf 88' lang='lat' dir='ltr'>IV,</span> <span class='ocrx_word' id='word_1_51' title='bbox 1197 1040 1247 1104; x_wconf 81' lang='lat'>12.</span> <span class='ocrx_word' id='word_1_52' title='bbox 1287 1036 1338 1105; x_wconf 85' lang='lat' dir='ltr'>Ac</span> <span class='ocrx_word' id='word_1_53' title='bbox 1360 1061 1411 1106; x_wconf 91' lang='lat' dir='ltr'>ne</span> 
     </span>
     <span class='ocr_line' id='line_1_7' title="bbox 230 1141 1407 1229; baseline 0.003 -21"><span class='ocrx_word' id='word_1_54' title='bbox 230 1142 348 1208; x_wconf 88' lang='lat' dir='ltr'>morbo</span> <span class='ocrx_word' id='word_1_55' title='bbox 370 1141 506 1228; x_wconf 93' lang='lat' dir='ltr'>quidem</span> <span class='ocrx_word' id='word_1_56' title='bbox 531 1143 732 1210; x_wconf 78' lang='lat' dir='ltr'>commoveri</span> <span class='ocrx_word' id='word_1_57' title='bbox 753 1143 877 1229; x_wconf 87' lang='lat' dir='ltr'>potuit,</span> <span class='ocrx_word' id='word_1_58' title='bbox 914 1150 953 1209; x_wconf 90' lang='lat' dir='ltr'>ut</span> <span class='ocrx_word' id='word_1_59' title='bbox 984 1143 1111 1209; x_wconf 90' lang='lat' dir='ltr'>ultione</span> <span class='ocrx_word' id='word_1_60' title='bbox 1133 1144 1330 1223; x_wconf 86' lang='lat' dir='ltr'>abstineret;</span> <span class='ocrx_word' id='word_1_61' title='bbox 1361 1147 1407 1212; x_wconf 85' lang='lat' dir='ltr'>ef.</span> 
     </span>
     <span class='ocr_line' id='line_1_8' title="bbox 232 1247 1410 1334; baseline 0.005 -23"><span class='ocrx_word' id='word_1_62' title='bbox 232 1247 309 1312; x_wconf 87' lang='lat' dir='ltr'>Tac.</span> <span class='ocrx_word' id='word_1_63' title='bbox 334 1268 411 1313; x_wconf 82' lang='lat' dir='ltr'>ann.</span> <span class='ocrx_word' id='word_1_64' title='bbox 436 1248 479 1327; x_wconf 91' lang='grc' dir='ltr'>Π,</span> <span class='ocrx_word' id='word_1_65' title='bbox 512 1249 563 1315; x_wconf 84' lang='grc'>75.</span> <span class='ocrx_word' id='word_1_66' title='bbox 610 1249 741 1334; x_wconf 85' lang='lat' dir='ltr'>Neque,</span> <span class='ocrx_word' id='word_1_67' title='bbox 774 1250 856 1334; x_wconf 93' lang='lat' dir='ltr'>quin</span> <span class='ocrx_word' id='word_1_68' title='bbox 886 1249 1058 1316; x_wconf 85' lang='lat' dir='ltr'>Tiberium</span> <span class='ocrx_word' id='word_1_69' title='bbox 1090 1249 1320 1326; x_wconf 87' lang='lat' dir='ltr'>insectaretur,</span> <span class='ocrx_word' id='word_1_70' title='bbox 1355 1273 1410 1317; x_wconf 88' lang='lat' dir='ltr'>re-</span> 
     </span>
     <span class='ocr_line' id='line_1_9' title="bbox 231 1351 1404 1440; baseline 0.003 -22"><span class='ocrx_word' id='word_1_71' title='bbox 231 1353 328 1418; x_wconf 86' lang='lat' dir='ltr'>tinen&#39;</span> <span class='ocrx_word' id='word_1_72' title='bbox 342 1353 460 1440; x_wconf 89' lang='lat' dir='ltr'>potuit,</span> <span class='ocrx_word' id='word_1_73' title='bbox 500 1353 565 1418; x_wconf 88' lang='lat' dir='ltr'>nisi</span> <span class='ocrx_word' id='word_1_74' title='bbox 587 1351 669 1419; x_wconf 91' lang='lat' dir='ltr'>dum</span> <span class='ocrx_word' id='word_1_75' title='bbox 690 1353 909 1420; x_wconf 86' lang='lat' dir='ltr'>Germanicus</span> <span class='ocrx_word' id='word_1_76' title='bbox 932 1356 1055 1421; x_wconf 86' lang='lat' dir='ltr'>coniux</span> <span class='ocrx_word' id='word_1_77' title='bbox 1074 1355 1220 1434; x_wconf 85' lang='lat' dir='ltr'>vivebat;</span> <span class='ocrx_word' id='word_1_78' title='bbox 1257 1358 1299 1424; x_wconf 86' lang='lat' dir='ltr'>cf.</span> <span class='ocrx_word' id='word_1_79' title='bbox 1322 1378 1404 1422; x_wconf 84' lang='lat' dir='ltr'>aun.</span> 
     </span>
     <span class='ocr_line' id='line_1_10' title="bbox 230 1459 1409 1545; baseline 0.004 -21"><span class='ocrx_word' id='word_1_80' title='bbox 230 1459 256 1539; x_wconf 94' lang='lat' dir='ltr'>I,</span> <span class='ocrx_word' id='word_1_81' title='bbox 290 1461 346 1526; x_wconf 86' lang='lat'>33:</span> <span class='ocrx_word' id='word_1_82' title='bbox 386 1461 589 1543; x_wconf 65' lang='lat' dir='ltr'>‹Aqrtbpe&#39;nu</span> <span class='ocrx_word' id='word_1_83' title='bbox 616 1462 717 1542; x_wconf 77' lang='lat' dir='ltr'>poulo</span> <span class='ocrx_word' id='word_1_84' title='bbox 752 1463 941 1540; x_wconf 77' lang='lat' dir='ltr'>commotior,</span> <span class='ocrx_word' id='word_1_85' title='bbox 980 1464 1046 1527; x_wconf 82' lang='lat' dir='ltr'>nist</span> <span class='ocrx_word' id='word_1_86' title='bbox 1081 1464 1164 1545; x_wconf 81' lang='lat' dir='ltr'>qnod</span> <span class='ocrx_word' id='word_1_87' title='bbox 1198 1465 1341 1534; x_wconf 73' lang='lat' dir='ltr'>castitate</span> <span class='ocrx_word' id='word_1_88' title='bbox 1376 1472 1409 1530; x_wconf 91' lang='lat' dir='ltr'>et</span> 
     </span>
     <span class='ocr_line' id='line_1_11' title="bbox 231 1567 1408 1648; baseline 0.004 -18"><span class='ocrx_word' id='word_1_89' title='bbox 231 1568 343 1631; x_wconf 81' lang='lat' dir='ltr'>mariti</span> <span class='ocrx_word' id='word_1_90' title='bbox 376 1587 482 1631; x_wconf 82' lang='lat' dir='ltr'>amore</span> <span class='ocrx_word' id='word_1_91' title='bbox 516 1567 660 1648; x_wconf 80' lang='lat' dir='ltr'>quumvis</span> <span class='ocrx_word' id='word_1_92' title='bbox 693 1567 883 1632; x_wconf 79' lang='lat' dir='ltr'>indomitum</span> <span class='ocrx_word' id='word_1_93' title='bbox 918 1569 1061 1633; x_wconf 76' lang='lat' dir='ltr'>ocimum</span> <span class='ocrx_word' id='word_1_94' title='bbox 1088 1570 1124 1633; x_wconf 78' lang='lat' dir='ltr'>ire</span> <span class='ocrx_word' id='word_1_95' title='bbox 1157 1569 1271 1634; x_wconf 79' lang='lat' dir='ltr'>bocum</span> <span class='ocrx_word' id='word_1_96' title='bbox 1305 1576 1408 1636; x_wconf 84' lang='lat' dir='ltr'>verte-</span> 
     </span>
     <span class='ocr_line' id='line_1_12' title="bbox 231 1669 1404 1758; baseline 0.003 -23"><span class='ocrx_word' id='word_1_97' title='bbox 231 1673 301 1737; x_wconf 82' lang='lat' dir='ltr'>bat»</span> <span class='ocrx_word' id='word_1_98' title='bbox 329 1677 361 1736; x_wconf 95' lang='lat' dir='ltr'>et</span> <span class='ocrx_word' id='word_1_99' title='bbox 383 1671 425 1750; x_wconf 87' lang='lat'>11,</span> <span class='ocrx_word' id='word_1_100' title='bbox 452 1672 507 1736; x_wconf 81' lang='lat'>72:</span> <span class='ocrx_word' id='word_1_101' title='bbox 536 1679 622 1736; x_wconf 79' lang='lat' dir='ltr'>«tem</span> <span class='ocrx_word' id='word_1_102' title='bbox 645 1673 690 1737; x_wconf 88' lang='lat' dir='ltr'>ad</span> <span class='ocrx_word' id='word_1_103' title='bbox 711 1693 842 1738; x_wconf 71' lang='lat' dir='ltr'>exorem</span> <span class='ocrx_word' id='word_1_104' title='bbox 865 1694 974 1738; x_wconf 80' lang='lat' dir='ltr'>versus</span> <span class='ocrx_word' id='word_1_105' title='bbox 997 1670 1076 1758; x_wconf 86' lang='lat' dir='ltr'>(scil.</span> <span class='ocrx_word' id='word_1_106' title='bbox 1095 1669 1349 1756; x_wconf 81' lang='lat' dir='ltr'>Germanicus).</span> <span class='ocrx_word' id='word_1_107' title='bbox 1369 1725 1404 1739; x_wconf 81' lang='grc'>..</span> 
     </span>
     <span class='ocr_line' id='line_1_13' title="bbox 231 1779 1405 1860; baseline 0.001 -16"><span class='ocrx_word' id='word_1_108' title='bbox 231 1779 341 1855; x_wconf 82' lang='lat' dir='ltr'>oravit,</span> <span class='ocrx_word' id='word_1_109' title='bbox 365 1785 491 1843; x_wconf 73' lang='lat' dir='ltr'>exueret</span> <span class='ocrx_word' id='word_1_110' title='bbox 510 1779 672 1859; x_wconf 72' lang='lat' dir='ltr'>ferociam,</span> <span class='ocrx_word' id='word_1_111' title='bbox 696 1779 848 1844; x_wconf 78' lang='lat' dir='ltr'>saevienti</span> <span class='ocrx_word' id='word_1_112' title='bbox 868 1779 1018 1860; x_wconf 74' lang='lat' dir='ltr'>fortunae</span> <span class='ocrx_word' id='word_1_113' title='bbox 1033 1780 1227 1845; x_wconf 75' lang='lat' dir='ltr'>submitteret</span> <span class='ocrx_word' id='word_1_114' title='bbox 1249 1781 1405 1860; x_wconf 79' lang='lat' dir='ltr'>animum,</span> 
     </span>
     <span class='ocr_line' id='line_1_14' title="bbox 232 1884 1406 1968; baseline 0.002 -20"><span class='ocrx_word' id='word_1_115' title='bbox 232 1906 293 1948; x_wconf 79' lang='lat' dir='ltr'>ceo</span> <span class='ocrx_word' id='word_1_116' title='bbox 327 1905 470 1968; x_wconf 70' lang='lat' dir='ltr'>regresso</span> <span class='ocrx_word' id='word_1_117' title='bbox 504 1884 539 1948; x_wconf 81' lang='lat' dir='ltr'>tu</span> <span class='ocrx_word' id='word_1_118' title='bbox 573 1884 681 1948; x_wconf 80' lang='lat' dir='ltr'>urbem</span> <span class='ocrx_word' id='word_1_119' title='bbox 716 1884 923 1950; x_wconf 78' lang='lat' dir='ltr'>aemulatione</span> <span class='ocrx_word' id='word_1_120' title='bbox 944 1886 1106 1965; x_wconf 76' lang='lat' dir='ltr'>potentine</span> <span class='ocrx_word' id='word_1_121' title='bbox 1133 1887 1303 1951; x_wconf 82' lang='lat' dir='ltr'>validiores</span> <span class='ocrx_word' id='word_1_122' title='bbox 1324 1887 1406 1950; x_wconf 72' lang='lat' dir='ltr'>irri-</span> 
     </span>
     <span class='ocr_line' id='line_1_15' title="bbox 231 1987 1405 2076; baseline 0.002 -22"><span class='ocrx_word' id='word_1_123' title='bbox 231 1995 342 2054; x_wconf 81' lang='lat' dir='ltr'>taret».</span> <span class='ocrx_word' id='word_1_124' title='bbox 390 1987 523 2053; x_wconf 89' lang='lat' dir='ltr'>Mortuo</span> <span class='ocrx_word' id='word_1_125' title='bbox 553 1994 665 2054; x_wconf 86' lang='lat' dir='ltr'>autem</span> <span class='ocrx_word' id='word_1_126' title='bbox 700 1989 841 2076; x_wconf 83' lang='lat' dir='ltr'>coniuge</span> <span class='ocrx_word' id='word_1_127' title='bbox 872 2009 975 2074; x_wconf 87' lang='lat' dir='ltr'>quam</span> <span class='ocrx_word' id='word_1_128' title='bbox 1007 1989 1168 2075; x_wconf 87' lang='lat' dir='ltr'>plurimas</span> <span class='ocrx_word' id='word_1_129' title='bbox 1191 1990 1322 2055; x_wconf 90' lang='lat' dir='ltr'>Tiberio</span> <span class='ocrx_word' id='word_1_130' title='bbox 1350 2011 1405 2056; x_wconf 87' lang='lat' dir='ltr'>cx·</span> 
     </span>
     <span class='ocr_line' id='line_1_16' title="bbox 229 2093 1406 2174; baseline 0.003 -16"><span class='ocrx_word' id='word_1_131' title='bbox 229 2093 340 2159; x_wconf 79' lang='lat' dir='ltr'>hibuit</span> <span class='ocrx_word' id='word_1_132' title='bbox 362 2093 539 2162; x_wconf 87' lang='lat' dir='ltr'>molestias.</span> <span class='ocrx_word' id='word_1_133' title='bbox 572 2093 669 2171; x_wconf 80' lang='lat' dir='ltr'>Quod</span> <span class='ocrx_word' id='word_1_134' title='bbox 693 2100 732 2159; x_wconf 91' lang='lat' dir='ltr'>ut</span> <span class='ocrx_word' id='word_1_135' title='bbox 753 2095 944 2174; x_wconf 76' lang='lat' dir='ltr'>illustretur,</span> <span class='ocrx_word' id='word_1_136' title='bbox 969 2096 1049 2162; x_wconf 87' lang='lat' dir='ltr'>satis</span> <span class='ocrx_word' id='word_1_137' title='bbox 1072 2102 1122 2161; x_wconf 88' lang='lat' dir='ltr'>est</span> <span class='ocrx_word' id='word_1_138' title='bbox 1144 2117 1406 2162; x_wconf 87' lang='lat' dir='ltr'>commemorare</span> 
     </span>
     <span class='ocr_line' id='line_1_17' title="bbox 230 2197 1403 2287; baseline 0.002 -23"><span class='ocrx_word' id='word_1_139' title='bbox 230 2219 277 2279; x_wconf 87' lang='lat' dir='ltr'>ea,</span> <span class='ocrx_word' id='word_1_140' title='bbox 314 2220 400 2284; x_wconf 86' lang='lat' dir='ltr'>quae</span> <span class='ocrx_word' id='word_1_141' title='bbox 435 2206 515 2266; x_wconf 90' lang='lat' dir='ltr'>sunt</span> <span class='ocrx_word' id='word_1_142' title='bbox 545 2199 636 2285; x_wconf 87' lang='lat' dir='ltr'>apud</span> <span class='ocrx_word' id='word_1_143' title='bbox 668 2197 866 2265; x_wconf 86' lang='lat' dir='ltr'>Suetonium</span> <span class='ocrx_word' id='word_1_144' title='bbox 898 2200 970 2265; x_wconf 91' lang='lat' dir='ltr'>Tib.</span> <span class='ocrx_word' id='word_1_145' title='bbox 996 2202 1040 2266; x_wconf 83' lang='lat'>53</span> <span class='ocrx_word' id='word_1_146' title='bbox 1063 2208 1097 2266; x_wconf 89' lang='lat' dir='ltr'>et</span> <span class='ocrx_word' id='word_1_147' title='bbox 1129 2201 1219 2287; x_wconf 84' lang='lat' dir='ltr'>apud</span> <span class='ocrx_word' id='word_1_148' title='bbox 1246 2201 1403 2266; x_wconf 88' lang='lat' dir='ltr'>Tacitum</span> 
     </span>
     <span class='ocr_line' id='line_1_18' title="bbox 229 2304 1406 2390; baseline 0.003 -22"><span class='ocrx_word' id='word_1_149' title='bbox 229 2325 308 2370; x_wconf 84' lang='lat' dir='ltr'>ann.</span> <span class='ocrx_word' id='word_1_150' title='bbox 331 2304 391 2384; x_wconf 93' lang='lat' dir='ltr'>IV,</span> <span class='ocrx_word' id='word_1_151' title='bbox 417 2306 558 2371; x_wconf 82' lang='grc'>52-54.</span> <span class='ocrx_word' id='word_1_152' title='bbox 606 2306 717 2390; x_wconf 84' lang='lat' dir='ltr'>Atque</span> <span class='ocrx_word' id='word_1_153' title='bbox 743 2308 940 2372; x_wconf 67' lang='lat' dir='ltr'>«achmete</span> <span class='ocrx_word' id='word_1_154' title='bbox 962 2329 1000 2372; x_wconf 76' lang='lat' dir='ltr'>en</span> <span class='ocrx_word' id='word_1_155' title='bbox 1022 2327 1128 2372; x_wconf 72' lang='lat' dir='ltr'>earu»</span> <span class='ocrx_word' id='word_1_156' title='bbox 1158 2306 1329 2372; x_wconf 80' lang='lat' dir='ltr'>Tiberium</span> <span class='ocrx_word' id='word_1_157' title='bbox 1353 2328 1406 2372; x_wconf 90' lang='lat' dir='ltr'>co-</span> 
     </span>
     <span class='ocr_line' id='line_1_19' title="bbox 229 2410 1405 2498; baseline 0.002 -22"><span class='ocrx_word' id='word_1_158' title='bbox 229 2416 342 2476; x_wconf 87' lang='lat' dir='ltr'>actum</span> <span class='ocrx_word' id='word_1_159' title='bbox 366 2431 436 2476; x_wconf 87' lang='lat' dir='ltr'>esse</span> <span class='ocrx_word' id='word_1_160' title='bbox 458 2410 660 2496; x_wconf 88' lang='lat' dir='ltr'>intellegitur</span> <span class='ocrx_word' id='word_1_161' title='bbox 682 2432 724 2476; x_wconf 85' lang='lat' dir='ltr'>ex</span> <span class='ocrx_word' id='word_1_162' title='bbox 746 2411 852 2476; x_wconf 85' lang='lat' dir='ltr'>Taciti</span> <span class='ocrx_word' id='word_1_163' title='bbox 875 2431 953 2477; x_wconf 84' lang='lat' dir='ltr'>ann.</span> <span class='ocrx_word' id='word_1_164' title='bbox 978 2410 1021 2492; x_wconf 90' lang='lat' dir='ltr'>V,</span> <span class='ocrx_word' id='word_1_165' title='bbox 1045 2416 1080 2491; x_wconf 77' lang='lat'>43</span> <span class='ocrx_word' id='word_1_166' title='bbox 1113 2433 1181 2498; x_wconf 92' lang='lat' dir='ltr'>quo</span> <span class='ocrx_word' id='word_1_167' title='bbox 1203 2412 1275 2478; x_wconf 88' lang='lat' dir='ltr'>loco</span> <span class='ocrx_word' id='word_1_168' title='bbox 1296 2412 1405 2479; x_wconf 92' lang='lat' dir='ltr'>homi-</span> 
     </span>
     <span class='ocr_line' id='line_1_20' title="bbox 229 2516 1404 2605; baseline 0.002 -23"><span class='ocrx_word' id='word_1_169' title='bbox 229 2539 313 2583; x_wconf 90' lang='lat' dir='ltr'>num</span> <span class='ocrx_word' id='word_1_170' title='bbox 346 2538 526 2582; x_wconf 80' lang='lat' dir='ltr'>concursus</span> <span class='ocrx_word' id='word_1_171' title='bbox 564 2516 756 2604; x_wconf 81' lang='lat' dir='ltr'>depingitur</span> <span class='ocrx_word' id='word_1_172' title='bbox 791 2517 899 2591; x_wconf 81' lang='lat' dir='ltr'>fectus</span> <span class='ocrx_word' id='word_1_173' title='bbox 937 2537 1027 2584; x_wconf 87' lang='lat' dir='ltr'>enno</span> <span class='ocrx_word' id='word_1_174' title='bbox 1062 2520 1105 2583; x_wconf 80' lang='lat'>29</span> <span class='ocrx_word' id='word_1_175' title='bbox 1138 2517 1180 2582; x_wconf 86' lang='lat' dir='ltr'>ab</span> <span class='ocrx_word' id='word_1_176' title='bbox 1215 2517 1404 2605; x_wconf 81' lang='lat' dir='ltr'>Agrippina</span> 
     </span>
     <span class='ocr_line' id='line_1_21' title="bbox 230 2623 541 2709; baseline -0.006 -19"><span class='ocrx_word' id='word_1_177' title='bbox 230 2624 367 2709; x_wconf 90' lang='lat' dir='ltr'>eiusque</span> <span class='ocrx_word' id='word_1_178' title='bbox 390 2623 541 2690; x_wconf 86' lang='lat' dir='ltr'>factione.</span> 
     </span>
    </p>
   </div>
   <div class='ocr_carea' id='block_1_4' title="bbox 317 2728 1540 2816">
    <p class='ocr_par' dir='ltr' id='par_1_4' title="bbox 317 2728 1540 2816">
     <span class='ocr_line' id='line_1_22' title="bbox 317 2728 1540 2816; baseline 0.005 -22"><span class='ocrx_word' id='word_1_179' title='bbox 317 2730 386 2795; x_wconf 88' lang='lat' dir='ltr'>Nec</span> <span class='ocrx_word' id='word_1_180' title='bbox 412 2751 489 2796; x_wconf 86' lang='lat' dir='ltr'>vero</span> <span class='ocrx_word' id='word_1_181' title='bbox 515 2729 616 2794; x_wconf 92' lang='lat' dir='ltr'>modo</span> <span class='ocrx_word' id='word_1_182' title='bbox 640 2729 681 2794; x_wconf 89' lang='lat' dir='ltr'>de</span> <span class='ocrx_word' id='word_1_183' title='bbox 696 2729 880 2816; x_wconf 85' lang='lat' dir='ltr'>Agrippina</span> <span class='ocrx_word' id='word_1_184' title='bbox 902 2749 980 2796; x_wconf 85' lang='lat' dir='ltr'>vere</span> <span class='ocrx_word' id='word_1_185' title='bbox 1002 2729 1150 2796; x_wconf 87' lang='lat' dir='ltr'>Velleius</span> <span class='ocrx_word' id='word_1_186' title='bbox 1173 2728 1319 2808; x_wconf 78' lang='lat' dir='ltr'>tradidit,</span> <span class='ocrx_word' id='word_1_187' title='bbox 1344 2729 1406 2796; x_wconf 88' lang='lat' dir='ltr'>sed</span> <span class='ocrx_word' id='word_1_188' title='bbox 1539 2797 1540 2800; x_wconf 74' lang='grc'>,</span> 
     </span>
    </p>
   </div>
   <div class='ocr_carea' id='block_1_5' title="bbox 229 2834 1404 3028">
    <p class='ocr_par' dir='ltr' id='par_1_5' title="bbox 229 2834 1404 3028">
     <span class='ocr_line' id='line_1_23' title="bbox 229 2834 1404 2915; baseline -0.001 -14"><span class='ocrx_word' id='word_1_189' title='bbox 229 2836 330 2901; x_wconf 88' lang='lat' dir='ltr'>etiam</span> <span class='ocrx_word' id='word_1_190' title='bbox 353 2834 394 2900; x_wconf 92' lang='lat' dir='ltr'>de</span> <span class='ocrx_word' id='word_1_191' title='bbox 417 2835 584 2915; x_wconf 89' lang='lat' dir='ltr'>Nerone,</span> <span class='ocrx_word' id='word_1_192' title='bbox 609 2835 677 2901; x_wconf 90' lang='lat' dir='ltr'>filio</span> <span class='ocrx_word' id='word_1_193' title='bbox 701 2837 781 2902; x_wconf 91' lang='lat' dir='ltr'>eius.</span> <span class='ocrx_word' id='word_1_194' title='bbox 818 2834 926 2912; x_wconf 83' lang='lat' dir='ltr'>Quem</span> <span class='ocrx_word' id='word_1_195' title='bbox 950 2835 985 2900; x_wconf 95' lang='lat' dir='ltr'>in</span> <span class='ocrx_word' id='word_1_196' title='bbox 1010 2856 1122 2901; x_wconf 90' lang='lat' dir='ltr'>amore</span> <span class='ocrx_word' id='word_1_197' title='bbox 1145 2834 1276 2900; x_wconf 89' lang='lat' dir='ltr'>Tiberio</span> <span class='ocrx_word' id='word_1_198' title='bbox 1299 2835 1404 2902; x_wconf 85' lang='lat' dir='ltr'>fuisse</span> 
     </span>
     <span class='ocr_line' id='line_1_24' title="bbox 229 2938 1402 3028; baseline 0.002 -22"><span class='ocrx_word' id='word_1_199' title='bbox 229 2965 270 3007; x_wconf 89' lang='lat' dir='ltr'>ex</span> <span class='ocrx_word' id='word_1_200' title='bbox 292 2942 391 3007; x_wconf 89' lang='lat' dir='ltr'>rebus</span> <span class='ocrx_word' id='word_1_201' title='bbox 415 2947 448 3006; x_wconf 88' lang='lat' dir='ltr'>et</span> <span class='ocrx_word' id='word_1_202' title='bbox 470 2963 490 3006; x_wconf 87' lang='lat' dir='ltr'>a</span> <span class='ocrx_word' id='word_1_203' title='bbox 513 2942 672 3007; x_wconf 84' lang='lat' dir='ltr'>Suetonio</span> <span class='ocrx_word' id='word_1_204' title='bbox 695 2942 780 3028; x_wconf 88' lang='lat' dir='ltr'>(Tib.</span> <span class='ocrx_word' id='word_1_205' title='bbox 806 2940 859 3026; x_wconf 90' lang='grc'>54)</span> <span class='ocrx_word' id='word_1_206' title='bbox 892 2949 925 3008; x_wconf 89' lang='lat' dir='ltr'>et</span> <span class='ocrx_word' id='word_1_207' title='bbox 957 2963 977 3007; x_wconf 86' lang='lat' dir='ltr'>a</span> <span class='ocrx_word' id='word_1_208' title='bbox 1004 2942 1119 3007; x_wconf 86' lang='lat' dir='ltr'>Tacito</span> <span class='ocrx_word' id='word_1_209' title='bbox 1142 2938 1231 3026; x_wconf 87' lang='lat' dir='ltr'>(ann.</span> <span class='ocrx_word' id='word_1_210' title='bbox 1255 2941 1315 3021; x_wconf 83' lang='lat'>111,</span> <span class='ocrx_word' id='word_1_211' title='bbox 1341 2943 1402 3020; x_wconf 84' lang='lat'>29;</span> 
     </span>
    </p>
   </div>
   <div class='ocr_carea' id='block_1_6' title="bbox 229 3044 1539 3141">
    <p class='ocr_par' dir='ltr' id='par_1_6' title="bbox 229 3044 1539 3141">
     <span class='ocr_line' id='line_1_25' title="bbox 229 3044 1539 3141; baseline 0 -28"><span class='ocrx_word' id='word_1_212' title='bbox 229 3047 289 3124; x_wconf 85' lang='lat' dir='ltr'>IV,</span> <span class='ocrx_word' id='word_1_213' title='bbox 320 3049 350 3114; x_wconf 88' lang='lat'>8.</span> <span class='ocrx_word' id='word_1_214' title='bbox 379 3050 428 3112; x_wconf 79' lang='lat'>12.</span> <span class='ocrx_word' id='word_1_215' title='bbox 459 3045 512 3132; x_wconf 84' lang='grc'>15)</span> <span class='ocrx_word' id='word_1_216' title='bbox 545 3046 682 3115; x_wconf 85' lang='lat' dir='ltr'>redditis</span> <span class='ocrx_word' id='word_1_217' title='bbox 717 3049 935 3134; x_wconf 86' lang='lat' dir='ltr'>cognoscitur.</span> <span class='ocrx_word' id='word_1_218' title='bbox 983 3047 1048 3113; x_wconf 88' lang='lat' dir='ltr'>Sed</span> <span class='ocrx_word' id='word_1_219' title='bbox 1084 3044 1199 3112; x_wconf 90' lang='lat' dir='ltr'>eodem</span> <span class='ocrx_word' id='word_1_220' title='bbox 1234 3046 1335 3112; x_wconf 92' lang='lat' dir='ltr'>modo</span> <span class='ocrx_word' id='word_1_221' title='bbox 1368 3069 1405 3114; x_wconf 90' lang='lat' dir='ltr'>se</span> <span class='ocrx_word' id='word_1_222' title='bbox 1538 3091 1539 3141; x_wconf 55' lang='lat'>,</span> 
     </span>
    </p>
   </div>
   <div class='ocr_carea' id='block_1_7' title="bbox 229 3153 1400 3239">
    <p class='ocr_par' dir='ltr' id='par_1_7' title="bbox 229 3153 1400 3239">
     <span class='ocr_line' id='line_1_26' title="bbox 229 3153 1400 3239; baseline 0.002 -21"><span class='ocrx_word' id='word_1_223' title='bbox 229 3153 331 3239; x_wconf 85' lang='lat' dir='ltr'>gessit</span> <span class='ocrx_word' id='word_1_224' title='bbox 361 3173 429 3238; x_wconf 92' lang='lat' dir='ltr'>quo</span> <span class='ocrx_word' id='word_1_225' title='bbox 460 3158 575 3232; x_wconf 84' lang='lat' dir='ltr'>mater,</span> <span class='ocrx_word' id='word_1_226' title='bbox 608 3153 766 3219; x_wconf 85' lang='lat' dir='ltr'>conviciis</span> <span class='ocrx_word' id='word_1_227' title='bbox 798 3153 969 3219; x_wconf 86' lang='lat' dir='ltr'>Tiberium</span> <span class='ocrx_word' id='word_1_228' title='bbox 999 3158 1221 3229; x_wconf 85' lang='lat' dir='ltr'>consectetus;</span> <span class='ocrx_word' id='word_1_229' title='bbox 1257 3153 1297 3218; x_wconf 86' lang='lat' dir='ltr'>cl.</span> <span class='ocrx_word' id='word_1_230' title='bbox 1322 3153 1400 3220; x_wconf 88' lang='lat' dir='ltr'>Tac.</span> 
     </span>
    </p>
   </div>
   <div class='ocr_carea' id='block_1_8' title="bbox 229 3258 1538 3450">
    <p class='ocr_par' dir='ltr' id='par_1_8' title="bbox 229 3258 1538 3450">
     <span class='ocr_line' id='line_1_27' title="bbox 230 3258 1538 3364; baseline 0.002 -40"><span class='ocrx_word' id='word_1_231' title='bbox 230 3280 308 3324; x_wconf 86' lang='lat' dir='ltr'>ann.</span> <span class='ocrx_word' id='word_1_232' title='bbox 337 3258 397 3338; x_wconf 93' lang='lat' dir='ltr'>IV,</span> <span class='ocrx_word' id='word_1_233' title='bbox 428 3259 574 3325; x_wconf 83' lang='lat'>59-60:</span> <span class='ocrx_word' id='word_1_234' title='bbox 613 3262 793 3325; x_wconf 79' lang='lat' dir='ltr'>«interdum</span> <span class='ocrx_word' id='word_1_235' title='bbox 820 3281 905 3325; x_wconf 86' lang='lat' dir='ltr'>voees</span> <span class='ocrx_word' id='word_1_236' title='bbox 922 3261 1134 3340; x_wconf 74' lang='lat' dir='ltr'>procedebant</span> <span class='ocrx_word' id='word_1_237' title='bbox 1157 3265 1351 3325; x_wconf 80' lang='lat' dir='ltr'>contumaees</span> <span class='ocrx_word' id='word_1_238' title='bbox 1375 3269 1406 3326; x_wconf 88' lang='lat' dir='ltr'>et</span> <span class='ocrx_word' id='word_1_239' title='bbox 1537 3319 1538 3364; x_wconf 51' lang='lat'>3</span> 
     </span>
     <span class='ocr_line' id='line_1_28' title="bbox 229 3363 1538 3450; baseline 0.002 -22"><span class='ocrx_word' id='word_1_240' title='bbox 229 3366 461 3443; x_wconf 76' lang='lat' dir='ltr'>inconsultae»;</span> <span class='ocrx_word' id='word_1_241' title='bbox 488 3365 528 3431; x_wconf 89' lang='lat' dir='ltr'>cf.</span> <span class='ocrx_word' id='word_1_242' title='bbox 554 3384 633 3430; x_wconf 83' lang='lat' dir='ltr'>ann.</span> <span class='ocrx_word' id='word_1_243' title='bbox 653 3363 696 3444; x_wconf 89' lang='lat' dir='ltr'>V,</span> <span class='ocrx_word' id='word_1_244' title='bbox 721 3368 761 3448; x_wconf 64' lang='lat'>4,</span> <span class='ocrx_word' id='word_1_245' title='bbox 785 3364 875 3430; x_wconf 86' lang='lat' dir='ltr'>Suet.</span> <span class='ocrx_word' id='word_1_246' title='bbox 899 3365 972 3429; x_wconf 89' lang='lat' dir='ltr'>Tib.</span> <span class='ocrx_word' id='word_1_247' title='bbox 998 3368 1050 3431; x_wconf 87' lang='grc'>54.</span> <span class='ocrx_word' id='word_1_248' title='bbox 1098 3365 1174 3443; x_wconf 81' lang='lat' dir='ltr'>Quo</span> <span class='ocrx_word' id='word_1_249' title='bbox 1203 3365 1275 3430; x_wconf 91' lang='lat' dir='ltr'>loco</span> <span class='ocrx_word' id='word_1_250' title='bbox 1298 3385 1404 3450; x_wconf 85' lang='lat' dir='ltr'>quam</span> <span class='ocrx_word' id='word_1_251' title='bbox 1537 3381 1538 3390; x_wconf 58' lang='lat'>¹</span> 
     </span>
    </p>
   </div>
   <div class='ocr_carea' id='block_1_9' title="bbox 229 3469 1405 3557">
    <p class='ocr_par' dir='ltr' id='par_1_9' title="bbox 229 3469 1405 3557">
     <span class='ocr_line' id='line_1_29' title="bbox 229 3469 1405 3557; baseline 0.003 -22"><span class='ocrx_word' id='word_1_252' title='bbox 229 3469 375 3536; x_wconf 89' lang='lat' dir='ltr'>invisum</span> <span class='ocrx_word' id='word_1_253' title='bbox 393 3469 563 3535; x_wconf 80' lang='lat' dir='ltr'>&#39;liberium</span> <span class='ocrx_word' id='word_1_254' title='bbox 582 3471 762 3538; x_wconf 81' lang='lat' dir='ltr'>habuerint</span> <span class='ocrx_word' id='word_1_255' title='bbox 777 3471 912 3536; x_wconf 82' lang='lat' dir='ltr'>Tacitus</span> <span class='ocrx_word' id='word_1_256' title='bbox 935 3477 1035 3556; x_wconf 88' lang='lat' dir='ltr'>atque</span> <span class='ocrx_word' id='word_1_257' title='bbox 1051 3471 1238 3551; x_wconf 84' lang='lat' dir='ltr'>Suetonius,</span> <span class='ocrx_word' id='word_1_258' title='bbox 1263 3477 1405 3557; x_wconf 84' lang='lat' dir='ltr'>quente-</span> 
     </span>
    </p>
   </div>
   <div class='ocr_carea' id='block_1_10' title="bbox 229 3574 1537 3663">
    <p class='ocr_par' dir='ltr' id='par_1_10' title="bbox 229 3574 1537 3663">
     <span class='ocr_line' id='line_1_30' title="bbox 229 3574 1537 3663; baseline -0.006 -21"><span class='ocrx_word' id='word_1_259' title='bbox 229 3596 306 3663; x_wconf 87' lang='lat' dir='ltr'>pere</span> <span class='ocrx_word' id='word_1_260' title='bbox 328 3574 471 3642; x_wconf 87' lang='lat' dir='ltr'>faverint</span> <span class='ocrx_word' id='word_1_261' title='bbox 504 3576 637 3656; x_wconf 88' lang='lat' dir='ltr'>Neroni,</span> <span class='ocrx_word' id='word_1_262' title='bbox 672 3578 752 3642; x_wconf 87' lang='lat' dir='ltr'>satis</span> <span class='ocrx_word' id='word_1_263' title='bbox 785 3582 894 3662; x_wconf 90' lang='lat' dir='ltr'>potest</span> <span class='ocrx_word' id='word_1_264' title='bbox 920 3578 1083 3662; x_wconf 86' lang='lat' dir='ltr'>cognosci.</span> <span class='ocrx_word' id='word_1_265' title='bbox 1130 3577 1278 3662; x_wconf 90' lang='lat' dir='ltr'>Uterque</span> <span class='ocrx_word' id='word_1_266' title='bbox 1301 3577 1403 3658; x_wconf 89' lang='lat' dir='ltr'>enim,</span> <span class='ocrx_word' id='word_1_267' title='bbox 1536 3619 1537 3634; x_wconf 79' lang='grc'><strong>.</strong></span> 
     </span>
    </p>
   </div>
   <div class='ocr_carea' id='block_1_11' title="bbox 230 3680 1404 3873">
    <p class='ocr_par' dir='ltr' id='par_1_11' title="bbox 230 3680 1404 3873">
     <span class='ocr_line' id='line_1_31' title="bbox 230 3680 1404 3768; baseline 0.001 -21"><span class='ocrx_word' id='word_1_268' title='bbox 230 3702 436 3768; x_wconf 86' lang='lat' dir='ltr'>quamquam</span> <span class='ocrx_word' id='word_1_269' title='bbox 468 3680 633 3760; x_wconf 88' lang='lat' dir='ltr'>Tiberius,</span> <span class='ocrx_word' id='word_1_270' title='bbox 671 3702 748 3746; x_wconf 91' lang='lat' dir='ltr'>cum</span> <span class='ocrx_word' id='word_1_271' title='bbox 785 3681 927 3746; x_wconf 89' lang='lat' dir='ltr'>honores</span> <span class='ocrx_word' id='word_1_272' title='bbox 959 3681 1123 3765; x_wconf 82' lang='lat' dir='ltr'>quosdam</span> <span class='ocrx_word' id='word_1_273' title='bbox 1155 3683 1268 3748; x_wconf 90' lang='lat' dir='ltr'>iuveni</span> <span class='ocrx_word' id='word_1_274' title='bbox 1299 3681 1404 3748; x_wconf 86' lang='lat' dir='ltr'>tribui</span> 
     </span>
     <span class='ocr_line' id='line_1_32' title="bbox 230 3785 1402 3873; baseline 0.002 -20"><span class='ocrx_word' id='word_1_275' title='bbox 230 3794 364 3867; x_wconf 87' lang='lat' dir='ltr'>vetaret,</span> <span class='ocrx_word' id='word_1_276' title='bbox 401 3787 486 3853; x_wconf 91' lang='lat' dir='ltr'>nihil</span> <span class='ocrx_word' id='word_1_277' title='bbox 509 3785 601 3853; x_wconf 84' lang='lat' dir='ltr'>aliud</span> <span class='ocrx_word' id='word_1_278' title='bbox 624 3786 690 3852; x_wconf 89' lang='lat' dir='ltr'>nisi</span> <span class='ocrx_word' id='word_1_279' title='bbox 716 3785 807 3873; x_wconf 94' lang='lat' dir='ltr'>quod</span> <span class='ocrx_word' id='word_1_280' title='bbox 822 3785 997 3873; x_wconf 87' lang='lat' dir='ltr'>Augustus</span> <span class='ocrx_word' id='word_1_281' title='bbox 1025 3788 1102 3854; x_wconf 89' lang='lat' dir='ltr'>fecit</span> <span class='ocrx_word' id='word_1_282' title='bbox 1125 3785 1175 3872; x_wconf 88' lang='lat' dir='ltr'>(cf.</span> <span class='ocrx_word' id='word_1_283' title='bbox 1201 3787 1290 3852; x_wconf 89' lang='lat' dir='ltr'>Suet.</span> <span class='ocrx_word' id='word_1_284' title='bbox 1313 3786 1402 3873; x_wconf 87' lang='lat' dir='ltr'>Aug.</span> 
     </span>
    </p>
   </div>
   <div class='ocr_carea' id='block_1_12' title="bbox 230 3891 1536 3979">
    <p class='ocr_par' dir='ltr' id='par_1_12' title="bbox 230 3891 1536 3979">
     <span class='ocr_line' id='line_1_33' title="bbox 230 3891 1536 3979; baseline -0.002 -21"><span class='ocrx_word' id='word_1_285' title='bbox 230 3894 288 3971; x_wconf 75' lang='lat'>563</span> <span class='ocrx_word' id='word_1_286' title='bbox 316 3894 380 3959; x_wconf 94' lang='lat' dir='ltr'>Dio</span> <span class='ocrx_word' id='word_1_287' title='bbox 405 3894 457 3972; x_wconf 89' lang='grc'>55,</span> <span class='ocrx_word' id='word_1_288' title='bbox 483 3897 512 3960; x_wconf 87' lang='lat'>9.</span> <span class='ocrx_word' id='word_1_289' title='bbox 541 3895 595 3973; x_wconf 81' lang='lat'>12;</span> <span class='ocrx_word' id='word_1_290' title='bbox 629 3893 681 3973; x_wconf 85' lang='grc'>54,</span> <span class='ocrx_word' id='word_1_291' title='bbox 707 3891 771 3979; x_wconf 80' lang='grc'>27),</span> <span class='ocrx_word' id='word_1_292' title='bbox 795 3898 909 3958; x_wconf 84' lang='lat' dir='ltr'>temen</span> <span class='ocrx_word' id='word_1_293' title='bbox 932 3892 1028 3959; x_wconf 94' lang='lat' dir='ltr'>illum</span> <span class='ocrx_word' id='word_1_294' title='bbox 1055 3893 1195 3958; x_wconf 89' lang='lat' dir='ltr'>Neronis</span> <span class='ocrx_word' id='word_1_295' title='bbox 1217 3892 1404 3958; x_wconf 86' lang='lat' dir='ltr'>honoribus</span> <span class='ocrx_word' id='word_1_296' title='bbox 1535 3897 1536 3946; x_wconf 64' lang='grc' dir='ltr'>ἐ</span> 
     </span>
    </p>
   </div>
   <div class='ocr_carea' id='block_1_13' title="bbox 230 3997 1485 4188">
    <p class='ocr_par' dir='ltr' id='par_1_13' title="bbox 230 3997 1485 4188">
     <span class='ocr_line' id='line_1_34' title="bbox 230 3997 1485 4104; baseline 0.002 -42"><span class='ocrx_word' id='word_1_297' title='bbox 230 3998 388 4064; x_wconf 87' lang='lat' dir='ltr'>invidisse</span> <span class='ocrx_word' id='word_1_298' title='bbox 412 3999 538 4078; x_wconf 88' lang='lat' dir='ltr'>scribit;</span> <span class='ocrx_word' id='word_1_299' title='bbox 569 4000 609 4065; x_wconf 91' lang='lat' dir='ltr'>cf.</span> <span class='ocrx_word' id='word_1_300' title='bbox 634 3998 724 4065; x_wconf 90' lang='lat' dir='ltr'>Suet.</span> <span class='ocrx_word' id='word_1_301' title='bbox 749 3999 821 4065; x_wconf 92' lang='lat' dir='ltr'>Tib.</span> <span class='ocrx_word' id='word_1_302' title='bbox 846 4002 906 4080; x_wconf 74' lang='lat'>54,</span> <span class='ocrx_word' id='word_1_303' title='bbox 935 4000 1012 4064; x_wconf 86' lang='lat' dir='ltr'>Tac.</span> <span class='ocrx_word' id='word_1_304' title='bbox 1038 4020 1115 4064; x_wconf 87' lang='lat' dir='ltr'>ann.</span> <span class='ocrx_word' id='word_1_305' title='bbox 1141 3997 1200 4080; x_wconf 92' lang='lat' dir='ltr'>IV,</span> <span class='ocrx_word' id='word_1_306' title='bbox 1228 4001 1285 4064; x_wconf 81' lang='lat'>17:</span> <span class='ocrx_word' id='word_1_307' title='bbox 1325 4000 1404 4065; x_wconf 81' lang='lat' dir='ltr'>‹Ti-</span> <span class='ocrx_word' id='word_1_308' title='bbox 1482 4096 1485 4104; x_wconf 83' lang='lat'>.</span> 
     </span>
     <span class='ocr_line' id='line_1_35' title="bbox 230 4103 1100 4188; baseline 0 -18"><span class='ocrx_word' id='word_1_309' title='bbox 230 4103 337 4170; x_wconf 79' lang='lat' dir='ltr'>dorius</span> <span class='ocrx_word' id='word_1_310' title='bbox 359 4105 448 4169; x_wconf 80' lang='lat' dir='ltr'>baed</span> <span class='ocrx_word' id='word_1_311' title='bbox 470 4127 621 4188; x_wconf 79' lang='lat' dir='ltr'>umquam</span> <span class='ocrx_word' id='word_1_312' title='bbox 643 4107 752 4171; x_wconf 79' lang='lat' dir='ltr'>domet</span> <span class='ocrx_word' id='word_1_313' title='bbox 775 4105 960 4170; x_wconf 78' lang='lat' dir='ltr'>Germanici</span> <span class='ocrx_word' id='word_1_314' title='bbox 982 4106 1100 4170; x_wconf 74' lang='lat' dir='ltr'>mitis».</span> 
     </span>
    </p>
   </div>
   <div class='ocr_carea' id='block_1_14' title="bbox 319 4209 1535 4296">
    <p class='ocr_par' dir='ltr' id='par_1_14' title="bbox 319 4209 1535 4296">
     <span class='ocr_line' id='line_1_36' title="bbox 319 4209 1535 4296; baseline 0.002 -22"><span class='ocrx_word' id='word_1_315' title='bbox 319 4209 482 4296; x_wconf 89' lang='lat' dir='ltr'>Deinceps</span> <span class='ocrx_word' id='word_1_316' title='bbox 498 4209 679 4276; x_wconf 86' lang='lat' dir='ltr'>dicendum</span> <span class='ocrx_word' id='word_1_317' title='bbox 699 4217 749 4277; x_wconf 89' lang='lat' dir='ltr'>est</span> <span class='ocrx_word' id='word_1_318' title='bbox 772 4209 813 4276; x_wconf 90' lang='lat' dir='ltr'>de</span> <span class='ocrx_word' id='word_1_319' title='bbox 827 4210 877 4290; x_wconf 79' lang='lat' dir='ltr'>ns,</span> <span class='ocrx_word' id='word_1_320' title='bbox 895 4229 981 4296; x_wconf 87' lang='lat' dir='ltr'>quae</span> <span class='ocrx_word' id='word_1_321' title='bbox 996 4209 1144 4276; x_wconf 88' lang='lat' dir='ltr'>Velleius</span> <span class='ocrx_word' id='word_1_322' title='bbox 1162 4212 1235 4290; x_wconf 87' lang='lat'>130,</span> <span class='ocrx_word' id='word_1_323' title='bbox 1253 4211 1274 4276; x_wconf 90' lang='grc'>5</span> <span class='ocrx_word' id='word_1_324' title='bbox 1289 4217 1406 4276; x_wconf 75' lang='lat' dir='ltr'>nouat</span> <span class='ocrx_word' id='word_1_325' title='bbox 1534 4273 1535 4286; x_wconf 72' lang='lat'>,</span> 
     </span>
    </p>
   </div>
   <div class='ocr_carea' id='block_1_15' title="bbox 231 4313 1405 4402">
    <p class='ocr_par' dir='ltr' id='par_1_15' title="bbox 231 4313 1405 4402">
     <span class='ocr_line' id='line_1_37' title="bbox 231 4313 1405 4402; baseline 0.002 -22"><span class='ocrx_word' id='word_1_326' title='bbox 231 4313 272 4380; x_wconf 90' lang='lat' dir='ltr'>de</span> <span class='ocrx_word' id='word_1_327' title='bbox 295 4315 423 4396; x_wconf 84' lang='lat' dir='ltr'>Livia,</span> <span class='ocrx_word' id='word_1_328' title='bbox 447 4315 570 4382; x_wconf 89' lang='lat' dir='ltr'>Tiberii</span> <span class='ocrx_word' id='word_1_329' title='bbox 593 4323 707 4392; x_wconf 83' lang='lat' dir='ltr'>matre.</span> <span class='ocrx_word' id='word_1_330' title='bbox 755 4318 852 4397; x_wconf 87' lang='lat' dir='ltr'>Nam,</span> <span class='ocrx_word' id='word_1_331' title='bbox 883 4338 968 4382; x_wconf 90' lang='lat' dir='ltr'>cum.</span> <span class='ocrx_word' id='word_1_332' title='bbox 991 4317 1164 4383; x_wconf 87' lang='lat' dir='ltr'>Tiberium</span> <span class='ocrx_word' id='word_1_333' title='bbox 1195 4315 1405 4402; x_wconf 85' lang='lat' dir='ltr'>aegritudine</span> 
     </span>
    </p>
   </div>
   <div class='ocr_carea' id='block_1_16' title="bbox 230 4421 1534 4510">
    <p class='ocr_par' dir='ltr' id='par_1_16' title="bbox 230 4421 1534 4510">
     <span class='ocr_line' id='line_1_38' title="bbox 230 4421 1534 4510; baseline 0.001 -24"><span class='ocrx_word' id='word_1_334' title='bbox 230 4421 390 4488; x_wconf 86' lang='lat' dir='ltr'>affectum</span> <span class='ocrx_word' id='word_1_335' title='bbox 417 4443 488 4488; x_wconf 91' lang='lat' dir='ltr'>esse</span> <span class='ocrx_word' id='word_1_336' title='bbox 510 4421 619 4488; x_wconf 91' lang='lat' dir='ltr'>reddit</span> <span class='ocrx_word' id='word_1_337' title='bbox 641 4424 757 4489; x_wconf 86' lang='lat' dir='ltr'>metris</span> <span class='ocrx_word' id='word_1_338' title='bbox 781 4429 897 4504; x_wconf 89' lang='lat' dir='ltr'>morte,</span> <span class='ocrx_word' id='word_1_339' title='bbox 923 4445 1034 4510; x_wconf 89' lang='lat' dir='ltr'>neque</span> <span class='ocrx_word' id='word_1_340' title='bbox 1049 4445 1127 4489; x_wconf 88' lang='lat' dir='ltr'>cum</span> <span class='ocrx_word' id='word_1_341' title='bbox 1152 4423 1311 4489; x_wconf 88' lang='lat' dir='ltr'>Suetonio</span> <span class='ocrx_word' id='word_1_342' title='bbox 1327 4443 1404 4488; x_wconf 91' lang='lat' dir='ltr'>con·</span> <span class='ocrx_word' id='word_1_343' title='bbox 1533 4497 1534 4506; x_wconf 36' lang='lat'>,</span> 
     </span>
    </p>
   </div>
   <div class='ocr_carea' id='block_1_17' title="bbox 0 0 1546 5050">
    <p class='ocr_par' dir='ltr' id='par_1_17' title="bbox 0 0 1546 5050">
     <span class='ocr_line' id='line_1_39' title="bbox 0 0 1546 5050; baseline 0 0"><span class='ocrx_word' id='word_1_344' title='bbox 0 0 1546 5050; x_wconf 95' lang='lat' dir='ltr'> </span> 
     </span>
    </p>
   </div>
  </div>
 </body>
</html>
