3084 5050
719 397 938 460 ..44-

335 594 475 659 Acium
498 592 626 678 reliqua
652 612 739 676 quae
764 590 945 656 Suetonius
975 588 1055 654 inde
1076 609 1098 654 a
1120 609 1147 654 c.
1172 592 1214 653 41
1239 589 1426 654 memoriae

246 699 391 787 prodidit
431 719 500 764 non
532 719 623 777 vera,
658 698 826 778 omittam3
867 717 950 762 nam
982 696 1062 761 satis
1103 695 1317 780 perspicuum
1355 716 1426 760 esse

246 827 374 884 censeo,
399 805 433 870 id
456 805 547 890 quod
571 825 672 892 supra
694 805 901 890 propositum
924 809 984 880 cst,
1007 801 1208 866 Suetonium
1234 801 1270 865 in
1296 801 1426 866 Tiberii

246 913 316 978 vita
339 910 557 976 describenda
578 910 657 976 inde
678 931 700 974 a
722 931 750 976 c.
774 913 816 974 41
841 915 976 973 auctore
999 929 1099 972 usum
1122 906 1167 972 ab
1189 927 1228 972 eo
1243 905 1359 971 alieno
1375 927 1427 971 res

246 1015 429 1082 reddidisse
451 1023 520 1082 tam
543 1017 668 1101 inique,
692 1023 732 1080 ut
752 1035 1012 1098 nonnumquam
1038 1033 1059 1077 a
1085 1013 1223 1080 veritate
1244 1012 1425 1078 recederet.

335 1123 405 1189 Nec
427 1145 505 1188 vero
527 1121 627 1188 modo
656 1122 736 1186 inde
764 1143 785 1186 a
807 1143 833 1186 c
857 1123 898 1184 41
923 1127 1094 1184 auctorem
1127 1125 1261 1184 secutus
1289 1127 1344 1183 est
1375 1118 1426 1182 Ti·

246 1229 337 1294 berio
352 1229 512 1293 infestum
527 1227 678 1294 similiter
692 1235 793 1312 atque
815 1236 885 1290 erat
906 1225 969 1292 iste
992 1225 1109 1290 Dionis
1124 1231 1241 1289 auctor
1255 1231 1289 1290 et
1303 1224 1425 1302 Taciti,

247 1333 306 1400 scd
329 1335 428 1399 etiam
454 1333 546 1399 fonte
569 1355 651 1398 usus
673 1339 723 1398 est
745 1332 862 1398 eodem
885 1354 953 1418 quo
975 1333 1020 1398 hi.

337 1439 435 1518 Quod
457 1441 505 1506 ita
532 1460 568 1504 se
590 1439 713 1505 habere
744 1440 812 1504 iam
846 1439 992 1504 ostendit
1022 1439 1179 1504 Thamm.
1224 1437 1293 1514 Qui
1326 1457 1426 1524 quae

247 1547 373 1625 ationis
398 1567 483 1610 num
505 1545 569 1610 loci
592 1545 661 1610 sint
683 1566 879 1610 communes
894 1545 1053 1610 Suetonio
1068 1565 1146 1608 cum
1161 1544 1287 1623 Tacito,
1310 1544 1358 1629 (p.
1384 1543 1426 1608 33

248 1649 347 1735 ——38)
369 1650 471 1716 finem
494 1651 575 1718 iacit
596 1651 659 1716 sic:
695 1673 813 1733 «usquc
838 1653 883 1716 ud
908 1652 977 1715 Tib.
1001 1657 1045 1716 40
1076 1651 1166 1716 nullo
1197 1652 1427 1715 sirriiliturliuis

247 1759 379 1842 ceailpio
401 1760 619 1836 inueniuntur,
643 1760 678 1821 iu
700 1759 901 1840 sequentibus
918 1764 1023 1822 uuum
1039 1757 1214 1837 particulis
1236 1758 1424 1822 nonnullo».

247 1871 281 1928 et
303 1863 516 1948 quaestionis,
540 1883 625 1926 num
647 1862 715 1928 sint
745 1883 942 1928 communes
972 1883 1051 1926 cum
1075 1861 1182 1926 Dione
1209 1861 1252 1946 (p.
1277 1859 1428 1941 42-4n

248 1969 310 2034 sic:
350 1989 431 2034 «uon
466 1990 582 2051 uapore
603 1971 780 2050 poterimus
811 1968 996 2034 Suetonium
1028 1975 1058 2034 et
1090 1967 1237 2032 Cossium
1270 1989 1427 2034 mounc-

247 2095 343 2156 quom
366 2075 470 2140 eodem
491 2075 577 2156 sorite
603 2095 676 2140 risos
703 2095 798 2140 esses,
830 2074 942 2138 Etiam
968 2079 1138 2159 praeterea
1159 2073 1251 2138 varia
1281 2079 1427 2159 possunt

247 2179 358 2244 afferri
387 2185 594 2264 argumenta,
630 2179 754 2263 quibus
785 2178 983 2244 Suetonium
1015 2178 1133 2243 eodem
1155 2184 1290 2244 auctore
1322 2201 1344 2243 a
1375 2179 1426 2244 Ti-

247 2285 339 2351 berio
361 2285 469 2352 alieno
497 2284 577 2350 inde
604 2305 674 2351 ac.
699 2286 741 2350 41
766 2305 867 2350 usum
891 2306 962 2350 esse
984 2284 1151 2370 probetur,
1176 2306 1244 2370 quo
1267 2285 1425 2351 Tacitum
1519 2299 1520 2350 t

248 2411 287 2456 ac
310 2391 462 2458 Dionem.
511 2389 643 2467 Quibus
666 2411 707 2456 ex
730 2390 890 2476 exemplis
917 2389 1081 2457 nonnulla
1104 2391 1183 2456 satis
1206 2389 1314 2455 babeo
1338 2412 1427 2458 com·

248 2518 447 2564 memorare:
485 2497 530 2564 Ut
561 2497 741 2564 Suetonius
768 2518 796 2563 o.
829 2500 871 2562 41
903 2498 1075 2564 Tiberium
1106 2496 1240 2583 Capreis
1269 2519 1352 2564 cura
1379 2497 1425 2562 rei

248 2603 402 2690 publicae
433 2603 561 2670 abiecta
592 2603 724 2672 libidini
749 2602 928 2669 indulsisse
957 2604 1080 2683 scribit,
1110 2605 1158 2670 ita
1184 2604 1320 2670 Tacitus
1342 2625 1425 2670 ann.

248 2707 308 2790 IV,
333 2710 393 2775 67:
430 2716 565 2792 «quanto
595 2711 735 2776 iutcutus
765 2711 840 2776 olim
865 2711 1014 2792 publicus
1045 2713 1089 2776 od
1118 2731 1221 2791 curus,
1254 2720 1341 2778 toruo
1378 2733 1426 2779 oc-

249 2815 347 2883 cultos
368 2817 405 2881 iu
427 2815 522 2882 lucus
545 2822 574 2881 et
596 2817 716 2882 malum
738 2819 837 2882 otium
859 2817 1046 2883 resolutum.
1078 2819 1286 2884 Moderatum
1309 2825 1426 2884 autem

249 2920 372 2986 Tiberii
394 2920 625 2988 liberalitatem
648 2943 726 3008 erga
746 2929 913 2990 senatores
943 2923 1093 3010 increpat
1121 2932 1269 3010 uterque.
1321 2925 1427 2992 Porro

249 3027 429 3094 Suetonius
461 3049 567 3114 aeque
601 3028 691 3094 favet
711 3029 806 3094 Iuliis
835 3037 936 3115 atque
958 3031 1023 3096 Dio
1046 3036 1079 3097 et
1100 3031 1245 3112 Tacitus,
1278 3052 1427 3117 quorum

248 3131 304 3200 hic
326 3153 404 3198 ann.
428 3132 488 3213 IV,
514 3135 556 3200 68
580 3153 645 3213 ece,
681 3135 741 3220 qui
771 3143 866 3200 erant
895 3137 1099 3225 Agrippinae
1129 3139 1241 3224 partis,
1279 3139 1428 3225 appellat

253 3239 395 3320 «tiones»,
421 3239 480 3326 qui
503 3245 598 3306 erant
620 3239 752 3319 Tiberii,
780 3244 955 3323 «iniquos».
1002 3243 1120 3329 Neque
1134 3244 1307 3325 iudicium,
1332 3245 1428 3331 quod

250 3347 313 3412 lert
336 3345 377 3412 de
400 3346 515 3413 Tacito
538 3345 666 3413 Sievers
689 3369 720 3432 p.
739 3349 798 3412 21:
828 3349 939 3428 ,niter
963 3370 1033 3436 πτας
1057 3351 1091 3418 iu
1114 3351 1220 3435 {cinctu
1242 3353 1427 3434 Setbtltnit

250 3471 284 3541 uu
309 3453 396 3524 unu
419 3455 504 3538 titan,
540 3465 604 3524 nau
630 3476 660 3524 u
684 3455 756 3534 nit,
790 3455 882 3531 nitito
912 3455 1005 3542 {iubet
1029 3457 1137 3528 daubo
1170 3460 1203 3528 iu
1237 3459 1292 3527 but
1315 3459 1427 3544 unges

250 3559 301 3631 tu
326 3558 488 3642 Tacitus&
523 3559 688 3624 iniustum
715 3567 776 3640 est,
801 3562 829 3626 si
851 3562 990 3628 refertur
1017 3563 1117 3627 etiam
1144 3563 1188 3628 ad
1209 3564 1425 3644 Suetonium;

253 3663 293 3734 ei.
328 3685 360 3754 p.
385 3667 438 3732 43,
485 3663 611 3730 Eodem
648 3663 793 3748 denique
826 3666 927 3731 modo
962 3667 1106 3752 Lepidae
1141 3690 1278 3735 causam
1311 3679 1429 3737 narrat

250 3771 430 3840 Sutitonius
455 3793 481 3838 c.
506 3773 560 3852 49,
584 3791 651 3856 quo
674 3770 810 3835 Tacitus
838 3770 898 3850 111,
924 3774 1072 3851 22-23;
1098 3795 1176 3840 nam
1201 3784 1341 3860 uterque
1364 3777 1428 3843 Le

251 3877 356 3968 pillau,
388 3877 556 3945 adulterae
579 3877 741 3963 degeneri,
777 3878 875 3957 favet,
910 3878 1034 3965 quippe
1065 3901 1152 3964 quae
1182 3882 1281 3946 fuerit
1304 3882 1427 3949 mulier

252 3981 381 4064 nutritis,
395 3981 557 4050 obtrectat
567 3983 729 4062 Quirinio,
747 4005 849 4068 quem
865 3983 975 4051 virum
991 3985 1093 4050 fuisse
1110 3985 1226 4051 fortem
1244 4009 1283 4053 ac
1297 3995 1425 4054 strenu-

252 4110 310 4160 nut
322 4088 457 4158 'lucitus
469 4089 539 4178 ipse
550 4088 642 4154 testis
656 4095 706 4154 est
719 4089 779 4162 ΙΙΙ,
792 4092 846 4168 48,
860 4089 983 4176 quippe
1000 4090 1059 4174 qui
1074 4091 1173 4156 fuerit
1187 4092 1289 4160 homo
1304 4116 1423 4161 novus

341 4195 422 4278 luni,
446 4197 521 4284 quis
545 4195 644 4262 fuerit
666 4200 781 4260 auctor
802 4193 857 4258 ille
871 4194 1003 4259 Tiberio
1026 4195 1171 4280 iniquus,
1196 4220 1297 4282 quem
1320 4204 1426 4268 secuti

252 4313 332 4378 suut
363 4305 506 4388 'l‘itcitus
532 4305 611 4387 Dic,
647 4304 843 4382 Suetonius
878 4301 1022 4367 breviter
1044 4323 1253 4387 quaeramus.
1312 4307 1427 4392 Atque

254 4413 407 4484 'l‘uoittun
431 4412 568 4482 crurales
589 4411 781 4478 adhibuisse
808 4407 968 4474 senatoris
985 4407 1169 4490 cuiusdam,
1195 4411 1253 4495 qui
1275 4414 1425 4497 aequatis
