3084 5050
710 387 929 451 -14-

233 579 364 645 borium
387 599 476 645 anno
500 582 520 644 2
543 602 576 666 p.
601 579 677 644 (lhr.
703 602 737 645 n.
761 579 884 646 Rhodo
904 581 939 646 in
956 580 1073 647 urbem
1097 602 1284 666 regressum
1306 583 1408 665 paulo

232 691 309 771 post
323 685 343 750 i.
362 705 389 750 e.
413 705 503 750 anno
527 688 559 766 3,
583 705 651 771 quo
674 705 763 751 anno
786 685 911 752 Lucius
934 693 1087 754 mortuus
1110 693 1142 752 et
1166 685 1270 752 Gaius
1293 686 1408 754 vulne·

233 799 325 858 ratus
348 797 406 872 cst,
431 792 589 879 adoptare
603 792 718 871 voluit,
743 793 811 872 sed,
836 815 914 860 oum
928 794 1082 860 'liberius
1101 799 1308 880 repugnaret,
1329 799 1409 859 ante

233 917 363 962 annum
378 904 548 984 quartum,
571 920 638 985 quo
661 920 752 965 anno
776 899 881 965 Gaius
903 900 974 966 vita
997 899 1138 966 decessit
1160 897 1216 986 (m.
1241 898 1338 964 Febr.
1364 899 1407 967 cf.

233 1003 352 1070 Ranke
373 1005 433 1084 HI,
460 1007 488 1085 1,
512 1027 543 1091 p.
569 1007 623 1084 46,
647 1005 725 1070 adn.
752 1003 792 1092 2),
817 1026 969 1091 arrogare
991 1027 1061 1072 non
1083 1007 1205 1092 potuit.

322 1110 400 1176 Jam
423 1111 465 1177 de
487 1110 611 1176 laetitia
633 1111 691 1176 illa
714 1111 875 1189 dicamus,
900 1132 1002 1197 quam
1025 1111 1196 1178 Romanos
1220 1132 1261 1176 ex
1283 1110 1409 1176 Tiberii

233 1217 411 1303 adoptione
445 1216 569 1302 cepisse
591 1216 741 1283 Velleius
771 1217 886 1282 scribit
910 1220 983 1296 103,
1008 1222 1030 1282 4
1053 1239 1101 1303 00.
1149 1217 1225 1295 Quo
1248 1216 1320 1282 loco
1344 1215 1407 1282 dis·

232 1343 365 1408 crepare
387 1321 519 1388 videtur
534 1342 554 1386 a
569 1321 685 1400 Dione,
704 1322 764 1407 qui
787 1324 839 1401 57,
864 1324 885 1387 3
908 1323 1062 1388 homines
1085 1343 1105 1387 a
1126 1321 1259 1390 Tiberio
1282 1321 1408 1386 alienos

232 1429 335 1495 fuisse
368 1433 489 1492 narrat.
529 1427 688 1492 Attamen
719 1426 847 1493 Velleio
879 1428 962 1494 fides
993 1428 1150 1493 habenda
1182 1433 1240 1494 est.
1288 1427 1408 1512 Neque

233 1535 323 1600 enim
346 1533 557 1618 intellegitur,
582 1531 674 1598 unde
696 1533 824 1599 factum
847 1534 898 1614 sit,
924 1540 963 1599 ut
978 1533 1133 1613 Romani,
1158 1533 1217 1619 qui
1238 1532 1303 1598 illis
1325 1538 1406 1598 tem-

231 1638 368 1726 poribus
399 1637 442 1703 ad
474 1644 601 1703 tentam
635 1638 863 1704 adulationem
887 1638 1013 1725 delapsi
1035 1646 1137 1719 erant,
1167 1644 1206 1704 ut
1229 1659 1407 1724 quaecum·

232 1765 297 1831 que
319 1745 472 1831 princeps
496 1745 617 1810 faceret
639 1744 894 1831 comprobarent
916 1743 967 1831 (01.
989 1744 1066 1810 Tac.
1084 1765 1163 1810 ann.
1187 1744 1213 1824 I,
1240 1746 1269 1824 1,
1295 1747 1404 1824 7010.;

231 1851 291 1930 ΠΙ,
319 1853 350 1916 1;
380 1873 475 1933 «pore
497 1853 638 1933 officium
660 1854 696 1916 10
712 1853 894 1933 0010010001
917 1848 1026 1937 rocta),
1050 1871 1120 1916 non
1135 1850 1408 1916 adularentur

199 1955 201 1964 '
232 1957 412 2036 Tiberium,
437 1956 480 2021 ad
504 1978 604 2043 quem
628 1957 803 2044 Augustus
826 1978 942 2023 omnes
967 1963 1156 2043 congereret
1178 1957 1336 2034 honores;
1361 1957 1404 2022 cf.

232 2063 321 2129 Suet.
345 2062 420 2127 Tib.
447 2063 504 2128 15:
529 2065 611 2128 nibil
634 2085 671 2130 00
694 2085 727 2129 eo
747 2071 884 2145 tempore
900 2066 1166 2145 praetermissum
1189 2065 1406 2128 0010101010-

231 2176 344 2236 statem
367 2171 435 2235 0100
457 2170 666 2254 superadum».
713 2169 885 2234 Praeterea
907 2168 1059 2234 Tiberius
1083 2189 1152 2234 non
1174 2169 1267 2234 omni
1289 2169 1405 2254 populi

231 2274 363 2342 videtur
386 2274 530 2340 caruisse
562 2293 710 2353 amore;
743 2295 823 2339 nam
847 2274 1026 2340 Suetonius
1050 2274 1122 2340 Tib.
1151 2276 1192 2340 10
1215 2295 1294 2340 amn
1317 2274 1405 2339 Rho-

232 2381 315 2446 dum
339 2380 518 2446 decessisse
540 2386 662 2460 narrat,
695 2386 734 2445 ut
758 2380 886 2448 civibus
910 2401 1014 2466 quam
1037 2381 1225 2446 maxirnum
1249 2381 1302 2446 sui
1324 2379 1406 2445 desi-

231 2487 361 2552 derium
384 2487 554 2566 incuteret,
581 2492 614 2552 et
643 2487 716 2552 Tib.
746 2489 786 2552 12
815 2486 931 2552 scribit
953 2487 1048 2552 haec:
1086 2490 1229 2553 «000100
1253 2509 1323 2553 cum
1345 2488 1405 2550 im·

225 2596 318 2676 perio
334 2600 391 2658 out
403 2595 593 2676 magistratu
609 2595 750 2659 tendente
765 2613 931 2676 00000001,
948 2596 1027 2676 quia
1042 2594 1212 2659 deuerteret
1223 2593 1403 2659 Rhodum»,
1529 2659 1530 2674 χ

230 2699 342 2784 Atque
349 2719 515 2764 rumorem
525 2700 589 2764 Dio
597 2698 729 2766 videtur
735 2698 917 2765 reddidisse
929 2698 1135 2784 divolgatum
1145 2699 1188 2764 ab
1197 2699 1402 2780 hominibus

230 2806 289 2890 qui
305 2805 404 2870 alieni
419 2811 530 2870 essent
545 2825 565 2870 0
582 2804 722 2884 Tiberio,
741 2804 890 2870 similiter
905 2810 1005 2890 atque
1021 2806 1156 2871 Tacitus
1178 2826 1257 2870 ann.
1281 2806 1325 2886 Π,
1350 2809 1401 2874 84.

231 2910 307 2987 Quo
330 2911 403 2976 loco
431 2911 486 2975 hic
517 2911 680 2997 populum
715 2909 860 2976 doluisse
896 2917 1010 2976 narrat
1042 2911 1083 2977 de
1115 2910 1248 2976 duobus
1280 2911 1404 2978 Tiberii
1529 2971 1530 2988 ,

230 3017 408 3103 nepotibus
432 3038 472 3082 ex
488 3017 592 3097 Livia,
618 3019 719 3083 Drusi
744 3039 856 3097 uxore,
878 3019 975 3083 natis.
1006 3018 1123 3104 Neque
1138 3023 1252 3083 tamen
1268 3037 1403 3083 omnem
1529 3049 1530 3066 r

230 3123 394 3210 populum
417 3124 464 3188 110
479 3125 584 3210 egisse
599 3123 776 3190 verisimile
792 3129 850 3189 est.
882 3123 1030 3209 Uterque
1053 3125 1280 3210 scriptorque
1304 3123 1403 3189 modo

230 3230 371 3295 fuissent
403 3230 508 3296 animi
538 3230 716 3296 hominum
750 3229 991 3294 nonnullorum
1017 3229 1070 3296 vel
1093 3229 1316 3315 complurium
1339 3251 1402 3295 me·
1529 3267 1530 3300 π

230 3336 354 3401 moriae
376 3336 508 3404 videtur
529 3335 722 3423 prodidisse.

318 3442 423 3508 Paulo
446 3449 522 3529 post
536 3442 750 3529 adoptionem
765 3440 937 3506 Tiberium
959 3441 1102 3508 missum
1118 3463 1187 3507 esse
1210 3441 1254 3506 ad
1276 3443 1403 3508 bellum

229 3548 270 3614 in
302 3547 526 3614 Germania
566 3548 751 3634 gerendum
791 3547 939 3613 Velleius
977 3554 1090 3613 narrat
1126 3548 1199 3626 104,
1225 3551 1254 3613 2.
1303 3549 1400 3626 Quod

229 3654 446 3721 confirmatur
478 3661 510 3720 et
541 3676 561 3720 a
594 3653 753 3720 Suetonio
783 3652 856 3718 Tib.
884 3654 924 3718 16
949 3658 981 3718 et
1003 3673 1023 3717 a
1046 3651 1152 3718 Dione
1175 3654 1228 3732 55,
1256 3656 1306 3719 13.
1352 3656 1403 3720 De

227 3761 352 3826 laetitia
367 3782 453 3840 vero,
471 3783 573 3847 quam
590 3760 710 3825 milites
727 3779 768 3824 ex
783 3758 904 3824 Tiberii
920 3758 1068 3825 adventu
1083 3759 1207 3846 cepisse
1226 3759 1281 3825 ille
1302 3760 1404 3827 tradit

231 3869 304 3946 104,
321 3868 412 3953 3sq.,
430 3868 515 3933 alius
531 3867 669 3953 scriptor
690 3886 753 3931 nos
768 3886 838 3931 non
854 3864 976 3932 edocet.
1002 3865 1119 3951 Neque
1134 3872 1247 3930 tamen
1263 3865 1403 3952 Stanger

228 3972 416 4039 audiendus
444 3979 502 4054 est,
537 3974 597 4060 qui
619 3971 786 4037 Velleium
816 3971 881 4037 hoc
915 3971 987 4037 loeo
1021 3970 1227 4035 adulatorem
1258 3970 1401 4038 inveniri

227 4084 323 4165 putet
346 4077 388 4165 (p.
414 4078 476 4162 161.
511 4079 589 4146 Non
605 4079 695 4145 enim
718 4077 766 4156 iis,
792 4097 879 4162 quae
894 4076 1042 4142 Velleius
1065 4074 1187 4154 scribit,
1211 4085 1401 4162 repugnant

227 4186 329 4251 verba
366 4185 499 4266 Dionis,
541 4185 664 4271 quibus
703 4185 755 4263 55,
790 4185 831 4249 23
878 4182 1024 4248 militum
1062 4181 1191 4248 animos
1229 4182 1397 4250 describit:

231 4295 398 4378 «χαλεπῶς
422 4295 455 4356 δὲ
480 4294 518 4378 δὴ
542 4303 599 4357 τῶν
619 4301 807 4377 στρατιωτῶν
831 4293 908 4373 πρὸς
930 4291 984 4374 τὴν
1006 4299 1064 4354 τῶν
1081 4287 1188 4355 ἄθλων
1211 4295 1399 4376 σμικρότητα

228 4399 279 4462 διὰ
300 4401 372 4470 τοὺς
395 4396 549 4484 πολέμους
572 4401 642 4470 τοὺς
665 4404 731 4462 τότε
755 4394 957 4481 ἐνεστηκότας
982 4391 1041 4480 οὔχ
1057 4393 1169 4482 ἥκιστα
1185 4394 1327 4482 ἐχόντων,
1346 4400 1400 4460 καὶ
