3084 5050
705 367 927 430 ...32-

230 554 283 632 57,
310 554 362 619 10.
388 555 440 621 17.
482 553 588 622 Urbes
610 555 711 622 Asiae
733 576 824 622 anno
849 559 889 622 17
913 563 1007 623 motu
1033 564 1155 626 terrae
1180 559 1317 626 dirutas
1340 559 1425 624 'libe

229 661 299 726 rius
321 661 465 727 restituit
491 659 579 748 (Tac.
609 685 689 728 ann.
712 663 756 744 Π,
779 661 845 750 47).
891 664 943 729 Ne
972 666 1183 750 provinciae
1217 670 1424 742 vexarentrn,

230 767 404 853 diligenter
425 767 636 854 providebat,
660 769 700 836 cf.
719 770 797 836 Tac.
819 790 899 837 ann.
922 771 966 850 II,
991 774 1051 850 56;
1079 773 1153 838 Dio
1179 774 1238 853 57,
1265 774 1324 852 10;
1342 771 1425 836 Suet.

230 873 304 940 Tib.
338 876 397 953 32;
434 877 527 942 «boni
549 878 693 958 paswn's
724 897 790 942 esse
820 879 949 944 tandem
973 899 1088 958 pecus,
1121 901 1194 945 non
1231 879 1422 963 madae».

229 982 342 1050 Verba
373 982 518 1068 denique
551 980 670 1048 Vellei:
709 990 900 1065 «mandor
933 987 1097 1067 aequitate
1132 987 1264 1069 aratia,
1301 985 1423 1050 ambitio

229 1092 360 1170 cirtata
380 1111 457 1154 nara
477 1090 583 1172 facere
604 1097 687 1155 reete
709 1092 786 1155 civis
807 1111 881 1156 snos
902 1092 1055 1172 pancas
1088 1099 1255 1173 optamus
1281 1089 1422 1174 faciendo

230 1199 325 1275 docet,
349 1217 479 1277 monae
500 1197 543 1260 sit
565 1197 698 1276 inpare
720 1198 888 1275 ammas,
912 1199 1050 1278 nampio
1072 1200 1193 1264 maior
1217 1205 1287 1264 est»
1314 1193 1422 1261 confir·

228 1307 366 1367 mantur
386 1299 504 1364 Dionis
527 1301 580 1378 57,
606 1301 712 1365 'l—ll
738 1306 771 1365 et
798 1300 948 1366 Suetonii
974 1301 1046 1366 Tib.
1079 1304 1240 1369 26-29.
1281 1300 1418 1367 33-34.

319 1405 384 1472 Sed
407 1412 483 1491 post
504 1424 633 1470 annum
659 1408 700 1471 19
724 1403 867 1491 (mortuo
890 1405 1102 1492 Germanico)
1128 1409 1316 1474 Tiberium
1341 1425 1419 1471 com·

229 1519 399 1580 mutatum
426 1533 496 1578 rem
524 1511 696 1598 publicam
736 1533 871 1598 quoque
893 1513 980 1578 male
1020 1513 1326 1582 administravisse
1360 1511 1419 1575 Dio

230 1618 344 1687 scribit
366 1622 419 1698 57,
447 1621 487 1684 13
511 1625 544 1684 et
569 1622 619 1684 19.
662 1619 733 1684 Nec
756 1641 833 1685 vero
855 1620 911 1684 hic
932 1641 985 1684 res
1007 1619 1113 1699 effert,
1139 1621 1278 1706 quibus
1294 1621 1415 1684 iustum

229 1747 301 1793 esse
323 1725 486 1790 iudicium
509 1745 610 1790 suum
632 1724 759 1810 probet
805 1726 978 1791 Praeterea
1004 1747 1114 1810 neque
1145 1747 1234 1792 eum
1259 1722 1415 1791 Suetonio

229 1832 395 1898 consentit
431 1831 602 1896 ‘liberium
641 1831 804 1897 scribente
840 1837 1084 1896 commutatum
1127 1853 1207 1898 esse
1248 1851 1343 1896 anno
1376 1827 1415 1894 26

229 1937 315 2025 (Tib.
338 1935 403 2020 41),
427 1956 537 2021 neque
560 1957 637 2002 cum
661 1937 785 2017 Tacito,
810 1938 870 2023 qui
892 1939 1041 2003 «initium
1063 1941 1188 2004 mutati
1211 1941 1252 2004 in
1280 1937 1414 2003 sideria

222 2046 447 2127 principatus»
473 2063 563 2108 anno
587 2045 631 2108 23
662 2043 765 2108 fuisse
794 2049 906 2129 aperte
936 2043 1016 2107 dicit
1045 2063 1123 2107 ann.
1149 2044 1217 2124 IV,
1245 2046 1277 2111 6.
1327 2039 1413 2119 Quin

228 2152 326 2216 etiam
350 2170 480 2214 annum
504 2151 546 2214 23
569 2169 699 2213 nonum
722 2148 824 2213 fuisse
855 2151 1058 2230 «annositas
1080 2151 1129 2213 rei
1142 2152 1323 2230 publicae»
1349 2143 1409 2211 sub

227 2255 359 2322 Tiberio
391 2253 535 2320 dilucide
565 2253 644 2319 dicit
673 2254 808 2320 Tacitus
829 2275 918 2334 ann.
943 2253 1003 2334 IV,
1031 2255 1106 2318 let
1133 2255 1196 2336 IV,
1234 2258 1256 2321 6
1281 2275 1333 2339 sq.
1364 2249 1410 2316 rei

227 2361 380 2448 publicae
412 2361 593 2440 Romanae,
626 2381 713 2446 quae
744 2361 843 2426 fuerit
875 2361 939 2426 sub
971 2360 1103 2426 ‘liberio
1128 2364 1232 2427 annis
1262 2359 1406 2434 14—22,

227 2469 409 2553 imaginem
423 2467 587 2552 exprimit,
604 2488 690 2551 quae
705 2466 804 2552 plane
820 2472 981 2551 congruet
996 2486 1074 2531 cum
1090 2465 1281 2534 Velleiana.
1310 2460 1407 2543 Quod

227 2582 266 2640 ut
286 2575 459 2652 illustrem,
484 2575 657 2657 utriusque
680 2572 846 2657 scriptoris
862 2571 962 2640 verba
983 2572 1185 2638 exscribam:

371 2677 467 2765 (Vell.
490 2679 533 2758 Π,
561 2677 636 2764 126)
916 2677 1004 2764 (Tac.
1029 2699 1107 2744 ann.
1131 2679 1192 2759 IV,
1219 2683 1242 2747 6
1267 2676 1333 2765 sq.)

232 2792 394 2852 ‹recocota
415 2787 452 2849 in
469 2787 578 2867 fanin
595 2786 685 2866 fides,
701 2807 786 2850 snot-
844 2786 928 2849 «iano
951 2786 1097 2865 primam
1123 2787 1260 2866 publica
1283 2783 1405 2868 necatio

1517 2501 1519 2572 l

1518 2577 1520 2626 l

1518 2796 1520 2852 l

227 2899 312 2959 rnota
345 2913 361 2956 e
390 2891 460 2973 foro
494 2892 618 2970 seditio,
658 2892 786 2957 acontio
841 2897 869 2956 ct
896 2891 1099 2972 privatorum
1133 2895 1280 2959 mamma
1318 2887 1406 2972 apud
1518 2919 1519 2991 ἐ

229 3019 346 3079 campo,
371 2997 532 3062 discordia
559 2999 660 3075 caria
684 2998 787 3077 sepni-
833 3003 947 3077 patres
981 2999 1210 3077 tractabantur,
1250 3001 1403 3066 dabatur·
1519 3025 1520 3039 κ

228 3111 338 3187 taeqoe
360 3123 398 3168 ac
419 3103 484 3167 sita
513 3103 630 3167 obsitae
652 3103 785 3180 institia,
840 3123 899 3183 qae
914 3103 1115 3182 prirnoribus
1131 3104 1299 3183 disserere,
1316 3109 1347 3169 et
1369 3101 1403 3164 in

228 3211 380 3294 cionitas,
395 3209 559 3273 industria
577 3209 699 3272 civitati
715 3209 786 3273 red·
840 3209 1052 3273 adolationem
1093 3209 1198 3291 lapsos
1244 3209 1401 3278 cohibebat

228 3317 327 3396 ditae,·
372 3316 501 3379 accessit
548 3313 787 3396 noaistratibas
841 3315 921 3394 ipse,-
943 3314 1176 3398 mandabatque
1191 3319 1326 3384 macres
1348 3335 1402 3380 no-

228 3422 415 3498 nadecima,
454 3421 580 3485 senatui
623 3421 785 3497 maiestas,
841 3420 991 3484 bilitatern
1001 3422 1167 3499 maiorem,
1176 3424 1400 3490 claritudinem

228 3528 358 3594 indiciis
404 3527 562 3610 arandam
612 3545 787 3605 compressa
840 3526 986 3602 mditiae,
1023 3526 1162 3592 otlosoa
1197 3532 1283 3596 dorni
1316 3533 1401 3596 artes

228 3634 394 3703 theatralis
408 3632 528 3708 seditio,
549 3635 630 3695 recte
645 3631 788 3711 faciendi
840 3629 1017 3709 spectando,
1033 3635 1161 3699 atratis
1173 3643 1327 3703 constaret
1338 3651 1400 3699 non

229 3743 372 3808 cronicas
399 3746 456 3805 ont
485 3740 612 3804 incasso
643 3737 788 3801 colanias
841 3735 920 3799 alios
936 3736 1077 3814 potiores
1097 3733 1207 3814 sni-sse.
1246 3735 1315 3799 Sca
1331 3751 1399 3798 con·

230 3855 286 3916 ont
315 3847 464 3928 inposita
490 3845 673 3910 necessitas:
695 3843 787 3906 bono-
841 3841 1045 3920 saiibas‚saa
1054 3838 1400 3922 praecedentiam
1521 3861 1524 3900 l

229 3960 346 4022 rantnr
366 3959 459 4032 recta,
470 3972 578 4032 proca
591 3948 786 4029 puniantur,
841 3946 1000 4011 minoren
1017 3965 1137 4027 qaoque
1154 3946 1399 4027 moaistrotaan

229 4060 362 4142 adspicit
378 4063 535 4142 potentem
563 4053 701 4130 toenitis,
724 4072 788 4115 non
841 4051 978 4115 concita
1005 4055 1160 4130 potestas·
1191 4051 1338 4133 lancae
1370 4046 1399 4112 si

231 4169 326 4246 timet,
351 4165 512 4244 antecedit,
535 4183 598 4228 non
621 4158 788 4225 contemnit
840 4156 1017 4220 mataoaa
1039 4157 1179 4237 quaestio
1202 4157 1397 4230 ecimeretnr,

230 4274 429 4342 homiliarem
469 4275 591 4354 potens.
660 4265 787 4349 qnando
841 4262 917 4326 bono
933 4261 969 4324 in
983 4279 1045 4326 asa
1063 4310 1070 4326 .
1088 4309 1121 4324 ..
1145 4260 1210 4326 Res
1225 4281 1302 4326 snos
1324 4259 1399 4327 Gae-

231 4401 359 4448 onnona
372 4378 571 4455 moderatior,
582 4373 707 4459 qnando
717 4389 788 4452 pac
812 4365 816 4454 1
841 4365 1130 4446 sarspectotisso'mo
1142 4367 1261 4448 canae,
1273 4367 1401 4449 coibas·
