3084 5050
614 431 834 494 „31-

132 625 273 692 Tacitus
295 625 322 705 Ι,
343 627 387 691 24
410 645 469 711 sq,
486 625 530 689 46
547 646 606 709 sq,
631 625 684 703 52,
702 643 909 708 quamquam
924 623 961 688 in
976 625 1165 690 narratione
1179 623 1312 689 Tiberio

133 732 321 798 obtrectare
344 730 465 810 studet,
489 736 604 795 tamen
628 729 707 795 satis
730 735 829 815 patet.

228 837 313 915 Quo
335 836 451 902 modo
473 836 658 902 Tiberius
689 836 807 901 annis
839 837 969 902 14-29
999 857 1078 901 rem
1110 836 1311 922 publicam

133 943 496 1024 administraverit,
514 942 662 1034 Velleius
678 963 782 1028 quam
797 942 991 1010 brevissime
1007 942 1162 1008 describit
1176 943 1218 1020 H,
1238 943 1312 1008 126.

131 1051 250 1136 Atque
273 1050 458 1115 consentire
480 1050 551 1115 eius
574 1050 676 1116 verba
698 1069 777 1114 cum
799 1049 899 1114 rebus
913 1068 935 1113 a
952 1048 1084 1114 Tiberio
1097 1050 1199 1134 gestis
1215 1047 1313 1113 annis

135 1158 271 1222 14-19
294 1162 394 1222 testes
417 1162 497 1222 sunt
513 1156 649 1221 Tacitus
668 1176 746 1220 ann.
771 1155 879 1233 1-11;
904 1155 968 1220 Dio
984 1157 1036 1234 57,
1056 1157 1179 1233 7-18;
1201 1155 1313 1220 Sueto

132 1263 216 1328 nius
232 1261 307 1327 Tib.
325 1263 464 1327 26-40.
497 1265 558 1341 Ita,
583 1267 621 1326 ut
636 1261 768 1347 singula
784 1281 986 1342 enumerem,
1002 1260 1196 1346 Augustum
1213 1259 1313 1324 deum

133 1369 268 1434 factum
292 1389 363 1434 esse
378 1367 595 1434 confirmatur
609 1367 727 1432 Dionis
742 1367 795 1447 56,
812 1369 867 1446 46;
887 1368 975 1454 leges
991 1374 1104 1433 autem
1123 1367 1314 1433 observatas

133 1495 212 1540 esse
240 1480 274 1539 et
303 1474 465 1540 iustitiam
498 1474 623 1540 cultam
654 1473 813 1560 probatur
841 1474 949 1538 Taciti
979 1494 1058 1539 ann.
1086 1474 1112 1553 I,
1147 1476 1202 1539 75:
1240 1494 1314 1538 «nec

126 1587 269 1662 petram
292 1582 517 1664 cognitionibus
538 1582 676 1645 sotiatus
698 1581 829 1644 iudiciis
851 1581 1016 1645 adsidebat
1037 1583 1073 1644 ir
1096 1601 1194 1646 55555
1217 1579 1313 1643 triba·

133 1688 232 1764 nolis,
248 1708 289 1752 ree
298 1693 478 1768 praetorem
494 1687 600 1752 caruli
614 1686 793 1767 depelleret·
807 1687 967 1767 multoque
983 1708 1016 1751 eo
1032 1707 1138 1752 coram¹
1160 1687 1315 1750 adrasus

134 1793 292 1857 (55757555
315 1798 345 1856 et
360 1793 538 1872 potentiam
555 1813 666 1872 preces
689 1793 897 1870 constitutam
922 1791 963 1856 of.
988 1811 1068 1855 ann.
1085 1790 1128 1870 II,
1146 1792 1203 1867 34;
1221 1789 1311 1856 Suet.

133 1896 214 1960 Tib.
238 1897 298 1974 333
324 1895 388 1960 Dio
412 1898 465 1974 57,
491 1897 520 1960 7.
568 1897 681 1982 Atque
709 1897 809 1961 etiam
839 1897 946 1982 magis
973 1896 1061 1982 leges
1092 1895 1155 1961 sub
1182 1894 1314 1961 Tiberio

135 2001 285 2086 viguisse
308 2021 412 2086 quam
436 2001 500 2066 sub
530 2002 684 2087 Augusto
713 2007 806 2087 patet
835 2023 877 2066 ex
903 2001 1020 2066 Dionis
1048 2003 1101 2081 57,
1128 2004 1177 2066 10.
1226 2000 1314 2065 Sedi-

136 2108 267 2172 tionem
298 2127 316 2172 o
347 2105 418 2171 foro
451 2114 654 2172 summotum
684 2128 755 2172 esse
784 2117 900 2172 auctor
931 2113 981 2173 est
1007 2109 1108 2172 etiam
1136 2106 1314 2172 Suetonius

137 2211 214 2278 Tib.
240 2213 292 2292 37,
317 2211 535 2278 ambitionem
559 2234 577 2278 e
600 2234 718 2299 campo
734 2214 870 2279 Tacitus
893 2234 973 2279 ann.
996 2213 1095 2292 Ι,15;
1121 2213 1314 2298 Augustum

138 2325 254 2383 autem
276 2318 399 2383 frustra
420 2318 510 2404 leges
533 2318 663 2384 dedisse
685 2320 727 2384 de
750 2319 880 2384 ambitu
904 2320 1114 2404 cognoscitur
1137 2340 1178 2384 ex
1197 2318 1314 2384 Dionis

138 2427 195 2503 54,
222 2425 261 2490 16
292 2430 325 2488 et
354 2424 504 2489 Suetonii
526 2425 612 2511 Aug.
645 2427 698 2490 34.
722 2427 775 2491 40.
822 2425 899 2490 Non
929 2425 1030 2490 modo
1057 2425 1314 2511 magistratuum

142 2531 373 2596 auctoritatem
397 2530 549 2596 Tiberius
581 2531 797 2618 amplificavit
823 2531 1028 2597 restituendo
1050 2529 1101 2616 (cf.
1126 2531 1215 2597 Suet.
1240 2529 1314 2596 Tib.

142 2638 188 2702 30
211 2657 297 2721 sqq.;
332 2637 396 2702 Dio
424 2638 477 2716 57,
505 2638 560 2716 11;
593 2637 669 2702 Tac.
701 2657 780 2702 ann.
811 2637 836 2716 I,
863 2634 917 2722 75)
946 2637 1004 2702 sod
1035 2637 1134 2701 etiam
1165 2642 1315 2716 senatus;

142 2761 224 2807 nam
248 2749 280 2807 et
301 2743 372 2828 ipse
394 2744 541 2808 restricte
564 2743 760 2823 observavit,
785 2765 828 2808 ne
851 2742 960 2809 officia
982 2747 1118 2808 senatus
1149 2742 1315 2809 deminue-

141 2855 260 2914 rentur
289 2848 390 2934 (Suet.
423 2848 498 2914 Tib.
532 2851 575 2915 30
607 2847 701 2935 sqq),
733 2855 766 2914 et
796 2855 906 2935 patres
937 2850 1086 2934 ipsorum
1120 2849 1317 2934 dignitatem

143 2975 274 3021 servare
289 2956 407 3039 utique
422 2955 528 3020 voluit
543 2954 644 3041 (Suet.
661 2955 734 3020 Tib.
753 2953 821 3042 35);
841 2975 944 3040 quare
958 2954 1167 3021 adulationes
1182 2962 1316 3041 patrum

142 3061 359 3125 vehementer
381 3060 538 3126 refutavit
561 3058 612 3147 (cf.
638 3061 715 3126 Tac.
740 3080 819 3127 ann.
842 3060 868 3141 I,
895 3062 953 3140 72;
977 3061 1019 3141 Π,
1045 3064 1102 3140 87;
1127 3061 1216 3126 Suet.
1241 3061 1314 3126 Tib.

144 3169 187 3232 26
211 3164 284 3252 sq.,)
307 3187 416 3252 neque
438 3167 475 3231 in
499 3173 617 3232 senatu
639 3173 790 3233 versatus
818 3174 868 3232 est
889 3167 955 3233 nisi
983 3173 1023 3232 nt
1048 3168 1201 3253 princeps
1231 3167 1318 3232 inter

143 3271 299 3357 aequales
327 3272 427 3359 (Suet.
459 3272 532 3339 Tib.
558 3276 618 3352 29;
645 3273 710 3339 Dio
739 3276 792 3354 57,
819 3276 848 3340 7.
882 3277 932 3339 11.
965 3276 1015 3341 15.
1046 3276 1102 3352 17;
1135 3273 1211 3338 Tac.
1237 3293 1315 3338 ann.

142 3380 169 3458 I,
196 3381 253 3443 74:
289 3380 476 3445 «merebant
507 3383 602 3445 etiam
634 3388 716 3456 tum,
732 3383 863 3464 vestiyic
892 3381 1055 3446 morientis
1081 3381 1254 3445 libertatis»
1285 3385 1318 3444 et

141 3485 187 3562 H,
211 3483 275 3570 34).
321 3485 531 3551 Theatralem
564 3507 787 3572 compressam
820 3506 891 3551 esse
928 3485 1126 3551 seditionem
1157 3485 1317 3570 probatur

143 3591 295 3656 Suetonii
326 3591 399 3656 Tib.
434 3593 474 3656 37
504 3599 537 3657 et
566 3592 672 3657 Taciti
703 3613 781 3658 ann.
812 3593 839 3672 Ι,
870 3593 922 3658 54.
962 3593 1013 3657 77.
1062 3591 1173 3656 Verba
1204 3597 1316 3657 autem

143 3696 267 3763 Vellei:
296 3705 396 3764 «recte
416 3699 559 3780 tenendi
581 3701 726 3765 omnibus
741 3706 798 3764 out
820 3702 950 3764 incasso
972 3701 1117 3764 calcatos
1140 3705 1197 3763 aut
1218 3699 1317 3779 impo-

141 3807 207 3870 sita
228 3806 413 3870 mcessitcs:
437 3806 637 3870 beraretur
651 3813 745 3884 recto,
764 3827 873 3886 prava
889 3807 1085 3886 pariantur,
1106 3805 1241 3884 suspicit
1257 3826 1317 3885 po-

143 3917 258 3976 tentem
281 3911 419 3989 bomilia,
443 3933 507 3976 555
530 3913 625 3989 timet,
651 3913 813 3988 antecedit,
836 3931 901 3976 555
923 3912 1091 3977 contemnit
1118 3911 1317 3977 humiliores

137 4023 270 4097 potens»
298 4015 539 4080 confirmantur
561 4015 678 4081 Dionis
702 4017 755 4095 57,
773 4017 791 4081 7
799 4019 892 4096 -11,
909 4016 1060 4082 Suetonii
1074 4017 1147 4082 Tib.
1173 4019 1315 4098 32—37,

142 4121 251 4186 Taciti
274 4142 352 4186 ann.
377 4123 419 4200 II,
445 4123 498 4188 85.
544 4121 593 4188 Ut
614 4143 786 4188 annonam
810 4144 830 4188 a
854 4122 986 4188 Tiberio
1012 4123 1218 4189 moderatam
1246 4145 1317 4190 esse

143 4227 237 4292 testis
265 4234 315 4293 est
349 4227 485 4293 Tacitus
515 4249 593 4294 ann.
623 4228 665 4309 ΙΙ,
697 4231 750 4307 87,
782 4230 828 4294 ita
856 4229 1028 4294 latrocinia
1051 4229 1094 4294 ab
1123 4251 1161 4295 eo
1185 4228 1317 4295 sublata

144 4333 324 4399 Suetonius
347 4333 421 4399 Tib.
447 4336 499 4399 37.
550 4336 780 4419 «5459557555
815 4335 935 4401 Tiberii
965 4338 1001 4400 ire
1025 4336 1190 4417 publicam
1219 4337 1316 4421 lorci-

143 4443 278 4506 limem»
310 4440 427 4505 laudat
457 4440 593 4506 Tacitus
619 4460 698 4505 ann.
722 4440 764 4521 Π,
789 4442 832 4506 47
857 4462 904 4527 sq.
930 4448 963 4508 et
992 4447 1231 4507 commemorat
1252 4443 1316 4509 Dio
