3084 5050
622 399 844 472 ὼ65..

145 601 199 672 35.
225 599 277 671 66.
303 597 361 683 12;
383 595 446 683 IV,
471 604 501 671 2.
527 605 556 668 3.
584 604 613 667 l.
637 602 690 668 40.
716 605 769 669 68.
795 603 838 668 74
861 608 894 667 et
916 622 937 668 a
958 601 1117 668 Suetonio
1133 593 1206 669 Tib.
1224 599 1267 668 65
1286 609 1319 668 et

145 733 166 778 a
188 711 297 778 Dione
319 712 373 790 57,
399 712 451 777 19.
477 711 533 788 21;
558 710 611 790 58,
637 711 667 774 2.
691 712 729 792 4;
753 730 834 775 nam
849 728 1019 774 summam
1035 707 1176 773 Seianus
1198 708 1319 775 habuit

147 817 379 884 auctoritatem
401 837 440 882 eo
463 821 612 902 tempore
634 837 702 902 quo
726 815 856 902 scripsit
878 815 1037 883 Velleius.

234 923 443 991 Examinatis
465 923 506 989 iis
528 943 616 1008 quae
639 922 681 988 dc
703 923 781 990 viris
800 922 948 990 Velleius
971 920 1150 988 memoriae
1172 919 1319 1006 prodidit

144 1051 255 1118 neque
286 1029 543 1117 propinquitatis
574 1050 685 1114 neque
719 1026 890 1094 affinitatis
922 1026 1065 1095 vinculis
1088 1027 1220 1093 Tiberio
1243 1049 1317 1093 con·

145 1137 277 1218 iunctis,
302 1135 445 1204 brevitor
467 1155 569 1222 quam
586 1135 742 1210 habuerit
757 1133 923 1200 delectum
938 1134 1117 1202 hominum
1140 1154 1319 1221 rerumque

146 1243 190 1310 ab
220 1243 261 1310 iis
292 1249 472 1330 gestarum,
503 1241 760 1308 consideremus.
807 1239 925 1326 Neque
958 1241 1050 1306 enim
1082 1240 1225 1322 defuere,
1259 1242 1319 1329 qui

146 1351 286 1437 probare
308 1349 480 1416 studerent
495 1370 573 1416 eum
588 1348 693 1416 nimia
708 1349 744 1415 in
759 1341 913 1414 homines
928 1348 1093 1434 quosdam
1108 1348 1320 1416 observantia

147 1456 287 1523 ductum
323 1477 480 1543 persaepe
514 1456 662 1524 virorum
695 1455 901 1521 mentionem
929 1476 999 1520 non
1023 1454 1138 1520 facisse
1161 1455 1227 1521 nisi
1247 1456 1319 1521 lau-

146 1561 249 1628 dandi
280 1568 340 1627 aut
371 1562 557 1648 castigandi
588 1581 698 1628 causa.
745 1560 877 1639 Quibus
908 1560 944 1626 in
977 1561 1055 1628 viris
1083 1561 1189 1627 doctis
1212 1561 1317 1627 nomi·

145 1667 250 1734 nandi
273 1673 353 1736 sunt
374 1667 548 1734 Abraham
571 1665 613 1754 (p.
639 1665 761 1755 8sqq.)
784 1672 817 1732 et
839 1666 980 1753 Stanger
1002 1665 1045 1754 (p
1069 1670 1113 1735 22
1126 1665 1196 1754 sq).
1231 1667 1318 1745 Quo-

145 1797 222 1842 rum
243 1773 299 1840 hic
322 1773 491 1842 Velleium
524 1775 678 1842 homines
712 1781 745 1840 et
776 1773 931 1840 laudasse
961 1780 994 1840 et
1016 1775 1221 1861 vituperasse
1244 1795 1318 1840 con·

145 1880 252 1948 tendit
283 1880 406 1948 Tiberii
439 1881 554 1967 gratia.
600 1881 660 1948 llle
693 1887 806 1947 autem
839 1902 916 1946 curn
950 1902 1020 1947 non
1051 1880 1152 1947 modo
1186 1880 1318 1948 Tiberio

145 1988 265 2056 favisse
288 1987 410 2068 scribit,
444 1987 501 2054 sed
534 1987 635 2054 etiam
665 1988 758 2076 gregi
789 1987 923 2054 cuidam
947 1989 1102 2068 virorum,
1135 1989 1172 2054 in
1195 1988 1318 2075 quibus

145 2095 304 2162 emineret
327 2093 424 2160 (totta
446 2094 666 2177 Messallinus.

233 2202 328 2279 Quae
350 2223 418 2288 quo
440 2201 541 2268 modo
565 2203 633 2268 sint
655 2223 716 2289 age
738 2200 995 2269 consideremus

232 2309 350 2394 Neque
372 2309 539 2377 Velleium
571 2309 703 2376 Tiberio
734 2309 810 2397 plus
838 2330 945 2396 aequo
968 2309 1088 2378 favisse
1110 2315 1219 2396 potest
1241 2331 1315 2377 con·

145 2415 228 2483 cedi.
275 2414 412 2480 Etenim
441 2415 623 2481 nonnullos
654 2415 793 2503 scriptor
815 2416 903 2484 viros
925 2415 1082 2482 laudibus
1106 2415 1208 2497 effert,
1233 2438 1317 2502 quos

147 2521 271 2588 'liberii
303 2521 446 2608 partium
479 2543 549 2588 non
583 2521 686 2588 fuisse
715 2527 854 2590 constat.
900 2523 960 2603 Ita,
992 2528 1031 2588 ut
1062 2523 1214 2588 omittam
1250 2545 1315 2604 eos,

146 2647 291 2714 quorum
313 2628 453 2714 scriptor
475 2628 680 2696 mentionem
704 2629 784 2695 facit
805 2635 884 2695 ante
905 2628 947 2709 H,
975 2629 1049 2708 101,
1073 2629 1109 2696 O.
1134 2629 1239 2696 Sentii
1261 2629 1316 2696 Sa-

146 2733 274 2800 turnini
296 2755 348 2800 res
370 2741 480 2821 gestas
504 2735 655 2816 celebrat,
689 2757 789 2821 quem
814 2735 961 2800 amicum
993 2734 1184 2802 Germanici
1216 2741 1316 2821 atque

146 2838 350 2927 Agrippinae
378 2841 480 2908 fuisse
511 2843 646 2908 Tacitus
677 2838 739 2908 nos
769 2841 865 2908 docet
898 2863 977 2907 ann.
1001 2841 1043 2920 H,
1070 2843 1121 2906 74.
1147 2843 1199 2920 79,
1224 2847 1257 2907 et
1279 2842 1315 2907 P.

147 2945 337 3012 Cornelium
367 2947 580 3014 Dolabellum
612 2948 664 3035 (cf.
688 2971 721 3034 p.
746 2946 800 3035 60)
832 2955 866 3014 et
896 2947 1030 3013 Aelium
1064 2946 1231 3026 Lamiam;
1274 2949 1314 3014 cf.

147 3052 224 3119 Tac.
248 3074 327 3120 ann.
351 3053 411 3134 VI,
436 3057 488 3120 27.
520 3055 590 3122 Neo
612 3076 690 3122 vero
713 3054 813 3121 modo
836 3055 923 3121 viros
946 3054 1037 3141 apud
1053 3055 1225 3120 'liberium
1247 3076 1316 3120 non

145 3159 305 3245 gratiosos
327 3160 452 3242 laudat,
478 3161 658 3228 sedetiam
680 3161 829 3248 increpat
851 3161 904 3228 vel
919 3161 1044 3227 omittit
1058 3160 1190 3228 Tiberio
1213 3181 1315 3227 caros.

146 3266 196 3331 Ita
218 3265 373 3332 Manium
388 3268 553 3355 Lepidum
576 3291 646 3334 non
668 3269 829 3350 nominat,
849 3269 958 3336 virum
979 3289 1124 3353 «prooem
1142 3290 1179 3334 ac
1194 3269 1316 3350 snpien-

146 3379 237 3452 tcm»,
262 3373 322 3458 qui
348 3373 525 3456 «aequabili
547 3378 734 3442 anctoritate
757 3383 785 3442 ct
805 3378 915 3459 pratia
936 3377 1025 3456 apud
1051 3376 1213 3441 Tiberiano
1236 3377 1317 3459 aipe-

147 3481 217 3545 tot»
243 3475 296 3566 (cf.
313 3479 390 3544 Tac.
415 3499 494 3545 ann.
518 3480 578 3560 IV,
604 3480 668 3568 20),
693 3501 802 3566 neque
826 3479 885 3546 On.
910 3479 1101 3546 Cornelium
1123 3480 1314 3560 Lentulum,

145 3584 256 3651 virum
285 3586 502 3672 praeclarum,
540 3588 600 3673 qui
631 3586 754 3652 Tiberii
785 3587 914 3653 amicus
948 3587 1133 3674 appellatur
1159 3607 1180 3651 a
1202 3587 1316 3652 Tacito

144 3691 204 3772 IV,
219 3694 273 3771 29,
296 3714 407 3778 neque
429 3693 521 3760 alios.
560 3695 596 3760 L.
617 3700 729 3760 autem
752 3694 843 3762 Noni
857 3693 1052 3781 Asprenatis
1075 3692 1176 3773 laudi,
1201 3714 1315 3778 quam·

145 3817 247 3884 quam
270 3798 299 3863 is
322 3797 387 3863 fuit
409 3793 540 3865 Tiberio
563 3821 633 3865 non
654 3801 784 3869 invisus
814 3799 902 3886 (Tac.
926 3821 1005 3866 ann.
1031 3801 1056 3881 I,
1082 3801 1141 3881 53,
1165 3800 1224 3880 HI,
1252 3797 1313 3887 18),

144 3909 258 3970 tamen
287 3903 449 3972 obtrectat
479 3901 531 3991 (cf.
555 3928 588 3992 p.
612 3906 677 3994 59).
1283 3921 1286 3928 ’

233 4009 299 4078 Sed
310 4011 352 4078 de
362 4010 420 4078 illa
428 4032 562 4098 quoque
570 4012 741 4094 sententia,
754 4033 857 4099 quam
868 4012 946 4079 tulit
952 4012 1134 4094 Abraham,
1146 4012 1313 4081 decedam.

144 4119 257 4204 Atque
279 4119 315 4185 in
338 4118 448 4186 medio
469 4119 728 4206 relinquendum
756 4142 827 4188 esse
854 4126 945 4207 puto,
978 4128 1093 4188 utrum
1109 4121 1257 4189 Velleius
1279 4122 1315 4186 in

144 4222 282 4292 historia
293 4246 355 4292 sua
368 4227 598 4313 componenda
613 4228 731 4297 faverit
750 4234 838 4294 certo
854 4228 988 4293 cuidam
1013 4228 1104 4315 gregi
1127 4227 1314 4308 hominum,

143 4353 257 4398 necne.
281 4332 359 4398 Non
375 4332 465 4398 enim
479 4355 599 4415 rerum,
617 4355 710 4421 quas,
728 4333 852 4420 quibus
867 4334 1020 4401 homines
1037 4333 1237 4420 depingeret,
1250 4353 1315 4400 me

143 4438 268 4506 moriae
289 4425 447 4526 prodidit,
476 4440 641 4508 delectum
673 4441 759 4507 bene
781 4440 934 4522 instituit,
966 4440 1025 4508 sed
1056 4460 1316 4526 nonnumquam

1196 4565 1209 4608 5
