3084 5050
638 397 837 460 ..9-

150 590 362 672 commosset,
393 611 458 656 aaa
490 591 531 654 ab
565 591 652 654 aaut
681 590 746 671 ride
767 590 920 655 historica
944 611 1008 656 esse
1031 591 1201 656 aarum».
1249 589 1324 666 Quo

151 715 241 760 anno
268 693 422 774 Pemice,
454 693 572 760 eodem
601 693 742 780 Stanger
776 692 817 758 de
839 692 948 759 Vellei
979 693 1045 762 fide
1068 694 1232 772 disseruit,
1267 693 1323 759 sed

151 800 246 866 aliter
266 799 427 868 iudicavit
450 805 551 885 atque
572 799 637 864 ille.
669 798 791 866 Scribit
803 800 893 865 enim
909 800 972 866 sic:
1001 806 1155 882 «apparet
1174 801 1325 866 Vallatum

151 908 196 976 ta,
219 909 298 972 actis
337 907 518 972 Tiberiana
548 908 740 988 apamea
775 907 884 972 cadom
916 907 984 988 fere
1011 913 1104 988 otqae
1126 908 1163 970 ia
1185 907 1326 988 Arpasti

151 1013 245 1077 retas
268 1013 461 1076 enarrandis
490 1014 616 1078 ratione
647 1019 808 1078 versatam
839 1033 913 1090 esse,
938 1033 1009 1078 cara
1033 1013 1100 1077 alia
1123 1019 1326 1094 quaererent

151 1119 259 1183 minas
273 1118 532 1182 commendabilia
547 1119 700 1184 raamias
715 1125 804 1184 caatc
819 1120 970 1202 obtereret
984 1125 1041 1184 aat
1049 1119 1149 1199 plane
1164 1121 1324 1196 omitteret,
1390 1117 1393 1122 ’

151 1224 220 1288 alta
240 1225 278 1288 ia
292 1225 406 1305 quibas
421 1224 524 1288 solida
546 1225 652 1288 irrorat
674 1226 778 1290 oritas
800 1225 955 1292 orationis
989 1225 1182 1290 calamistris
1211 1225 1325 1305 ampli·

150 1330 270 1410 ficeret,
304 1330 370 1394 alta
400 1349 536 1410 prorsas
566 1331 732 1414 afstaperet
763 1327 805 1415 (p.
830 1327 894 1416 32).
953 1329 1030 1407 Quo
1062 1328 1163 1394 modo
1194 1350 1254 1394 cur
1285 1328 1327 1394 de

152 1433 260 1500 Vellei
290 1433 357 1500 fide
385 1435 631 1514 existimaverit,
666 1455 785 1502 causae
819 1456 889 1501 non
923 1441 1003 1500 sunt
1034 1434 1231 1501 reconditae.
1277 1434 1328 1502 Ea

153 1539 245 1605 enim
267 1539 391 1605 iudicia
414 1546 548 1606 secutus
571 1547 629 1621 est,
665 1561 753 1626 quae
776 1542 818 1608 de
840 1541 965 1607 Tiberii
986 1540 1193 1627 temporibus
1216 1540 1328 1605 ferunt

154 1645 291 1712 Tacitus
314 1651 416 1731 atque
445 1645 518 1711 Dio.
564 1645 678 1732 Atque
700 1647 743 1712 de
770 1648 835 1713 hoc
856 1646 984 1713 iudicat
1006 1648 1066 1713 ric:
1105 1647 1190 1714 «Dio
1212 1648 1327 1728 olimae

152 1754 259 1817 otram
292 1754 496 1833 incorruptae
528 1754 606 1834 fidei
639 1774 672 1819 se
688 1755 821 1835 praebet
849 1761 950 1836 atqae,
974 1754 1153 1836 siquando
1175 1774 1264 1818 sceris
1287 1773 1325 1818 oo

153 1860 248 1924 ceteri
279 1865 422 1924 oannes
445 1859 560 1936 tradit,
594 1861 714 1940 optima
734 1861 798 1941 ride
819 1861 921 1942 fontes
943 1867 1068 1926 seratas
1091 1881 1156 1926 esse
1178 1860 1322 1924 oidetar»

152 1961 196 2049 (p.
225 1960 287 2049 17).
333 1963 427 2030 Illius
459 1969 573 2030 autem
605 1966 786 2030 tententiae
819 1965 1014 2051 comprobat
1044 1971 1077 2030 et
1099 1965 1208 2042 iniis,
1241 1983 1327 2048 quae

143 2091 185 2156 p.
210 2071 231 2134 2
264 2068 305 2134 de
328 2069 400 2154 lege
431 2069 614 2136 maiestatis
637 2091 658 2136 a
680 2069 812 2138 Tiberio
840 2071 992 2137 adhibita
1015 2070 1138 2150 scribit,
1162 2076 1195 2135 et
1216 2071 1253 2134 in
1275 2069 1326 2148 iis,

153 2195 240 2261 qnae
262 2196 293 2260 p.
312 2176 443 2241 35-38
460 2174 502 2240 de
517 2175 651 2242 dicendi
664 2176 817 2242 libertate
832 2197 859 2242 a
873 2175 1005 2242 Tiberio
1029 2196 1184 2262 oppressa
1204 2179 1326 2251 narrat,

153 2300 270 2365 neque,
305 2281 488 2366 quominus
518 2281 583 2347 hoc
614 2283 745 2363 faceret,
780 2283 849 2349 suis
881 2283 986 2369 ipsius
1008 2282 1118 2349 verbis
1140 2281 1328 2368 prohibitus

153 2391 211 2462 est,
245 2385 370 2470 quibus
402 2386 566 2452 iudicium
592 2388 748 2474 probavit
776 2388 937 2468 Sieversii,
972 2389 1031 2474 qui
1054 2388 1203 2454 alienum
1226 2386 1329 2451 fuisse

153 2491 308 2557 Tacitum
340 2511 361 2556 a
394 2491 526 2558 (liberio
560 2493 728 2560 docuisset
758 2493 801 2581 (p.
826 2497 867 2561 31
881 2492 951 2580 sq).
999 2495 1117 2579 Neque
1138 2492 1329 2559 multuma

153 2595 314 2682 Stangero
337 2596 494 2664 dissensit
516 2597 637 2678 Goeke,
662 2601 731 2684 qui,
754 2607 934 2686 postquam
950 2620 989 2666 ea
1004 2600 1217 2678 examinavit,
1241 2617 1329 2684 quae

154 2702 303 2768 Velleius
335 2703 467 2789 scripsit
498 2703 539 2770 de
562 2703 686 2770 Tiberii
719 2707 842 2773 vinute
868 2706 1081 2792 imperatoria
1103 2702 1146 2791 (p.
1174 2701 1326 2788 lli-17),

154 2807 197 2874 de
219 2809 507 2876 administratione
521 2811 569 2876 rei
583 2810 737 2897 publicae
750 2809 793 2898 (p.
810 2810 961 2899 18-20),
975 2811 1098 2879 devita
1110 2809 1327 2894 moribusque

153 2911 197 3000 (p.
222 2913 375 3000 20-30),
399 2915 463 2982 sibi
478 2916 642 3002 persuasit
660 2939 715 2982 «rc
729 2939 805 2982 ocra
825 2917 975 2983 Velletara
996 2919 1098 2999 faisse
1120 2917 1326 2993 adulatorem,

154 3022 208 3087 cai
229 3043 293 3087 aaa
314 3023 449 3088 maltam
470 3023 548 3104 fidei
570 3029 649 3088 esset
670 3024 866 3089 sacomam»
902 3021 944 3108 (p.
970 3020 1035 3108 30).
1082 3021 1181 3099 Quod
1204 3021 1328 3086 mirum

154 3147 225 3192 non
254 3133 313 3207 est,
346 3129 470 3214 quippe
502 3148 581 3193 cum
604 3128 716 3194 Goelre
747 3149 854 3214 aeque
881 3136 982 3215 atque
1015 3128 1156 3214 Stanger
1186 3127 1330 3192 Dionem

154 3233 266 3300 virum
289 3254 360 3298 esse
382 3233 472 3300 dicat
494 3235 640 3301 veritam
663 3234 867 3321 diligentem,
896 3237 952 3302 cui
974 3235 1058 3300 fides
1079 3255 1150 3299 non
1173 3233 1215 3298 sit
1237 3229 1329 3296 ebro·

156 3338 269 3424 ganda
292 3337 334 3425 (p.
348 3337 409 3426 11).
441 3339 594 3406 Medium
615 3341 786 3426 quendam
810 3363 947 3408 cursum
969 3341 1077 3407 tenuit
1091 3339 1275 3415 Abraham,
1292 3341 1331 3401 ut
1455 3425 1459 3433 .

155 3445 215 3530 qui
232 3445 303 3510 fieri
318 3466 388 3510 non
403 3447 551 3530 potuisse
565 3447 735 3525 iudicaret,
749 3453 788 3512 ut
802 3447 951 3515 Velleius
973 3448 1068 3514 fictas
1083 3467 1135 3512 res
1150 3444 1330 3510 memoriae

155 3550 322 3636 proderet,
357 3551 449 3636 quod
483 3552 656 3618 historiam
685 3553 941 3639 conscripsisset,
974 3573 1067 3638 quae.
1091 3552 1254 3637 legeretur
1287 3549 1330 3615 ab

156 3656 364 3738 hominibus,
385 3659 445 3744 qui
459 3658 585 3744 optime
606 3680 658 3726 res
673 3666 819 3740 nossent,
845 3680 962 3726 verum
976 3677 1236 3742 nonnumquam
1252 3675 1331 3720 eum

157 3761 257 3828 falsas
280 3783 392 3828 rerum
415 3763 540 3850 effigies
563 3765 763 3850 expressisse
777 3771 934 3844 censeret,
958 3763 1049 3850 quod
1073 3763 1138 3827 alia
1156 3760 1329 3840 omisisset,

156 3867 222 3934 alia
254 3869 292 3933 in
326 3869 435 3935 maius
468 3868 665 3935 celebrasset
687 3869 730 3956 (p.
755 3868 797 3955 ὁ).
843 3870 994 3954 Helbing
1016 3869 1161 3954 denique
1184 3866 1267 3952 quid
1289 3866 1331 3932 de

158 3973 264 4040 Vellei
298 3963 372 4041 fids
398 3975 627 4056 iudicavisset,
669 3995 770 4062 supra
808 3975 1074 4044 commemoravi.
1129 3974 1196 4051 Qui
1229 3993 1332 4057 quare

157 4081 324 4148 adductus
356 4082 408 4163 sit,
442 4088 481 4148 ut
510 4081 638 4149 Velleio
672 4083 881 4148 dissentienti
915 4103 936 4146 a
969 4081 1084 4148 ceteris
1117 4077 1332 4166 scriptoribus

156 4187 259 4253 fidem
290 4188 436 4269 haberet,
470 4210 539 4254 non
569 4188 728 4276 explanat
758 4188 810 4275 (cf.
836 4210 875 4254 ea
904 4208 991 4273 quae
1019 4186 1134 4253 scribit
1161 4207 1193 4271 p.
1218 4184 1262 4248 45
1290 4181 1332 4248 de

158 4292 243 4360 Vell.
267 4294 311 4372 II,
342 4297 421 4374 122;
455 4317 487 4380 p.
511 4298 555 4360 46
579 4294 621 4360 de
644 4294 729 4362 Vell.
753 4296 796 4374 H,
825 4295 898 4374 104,
923 4295 960 4372 2;
996 4295 1071 4372 124,
1096 4293 1130 4369 2;
1166 4311 1198 4376 p.
1223 4289 1266 4354 49
1290 4287 1332 4352 de

157 4398 242 4466 Vell.
267 4400 309 4478 11,
337 4401 418 4480 104,
435 4399 477 4488 4).
