3084 5050
602 423 824 486 ..53-

19 581 21 656 ³
124 615 227 681 sentit
249 635 360 700 neque
383 636 462 680 cum
484 614 600 681 Tacito
623 635 733 701 neque
756 636 836 681 eum
853 615 970 683 Dione.
1005 615 1072 693 Qui
1094 617 1224 683 Liviam
1247 618 1297 683 Ti·

19 751 20 790 1
125 721 216 786 berio
239 721 385 788 invisam
407 720 509 786 fuisse
540 720 757 801 contendunt,
790 721 882 806 quod
913 721 1054 787 honores
1086 722 1251 808 quosdam
1278 744 1298 788 a

19 855 21 902 1
126 832 247 892 senatu
270 827 462 912 populoque
486 827 640 892 Romano
654 827 768 895 Liviae
791 827 910 894 deterri
931 829 1073 893 vetuerit
1099 826 1199 914 (Suet
1223 828 1296 895 Tib.

125 933 275 1010 50-51;
299 932 376 997 Tae.
400 951 479 999 ann.
503 932 529 1010 Ι,
557 934 613 1011 14;
643 932 690 1008 V,
712 934 748 1011 2;
781 932 846 999 Dio
869 935 922 1014 57,
949 935 1003 1012 12;
1037 936 1089 1014 58,
1115 931 1147 1020 2)
1178 955 1296 1021 neque,

19 1073 20 1128 3
124 1058 191 1122 quo
215 1043 364 1122 tempore
386 1042 494 1102 mater
516 1057 534 1102 e
557 1037 625 1104 vita
644 1037 847 1120 decessisset,
882 1060 962 1105 cura
988 1039 1036 1105 rei
1057 1039 1211 1126 publicae
1243 1041 1296 1106 ab·

125 1141 279 1207 stinuerit
294 1139 395 1226 (Suet.
414 1142 488 1208 Tib.
513 1143 660 1222 50-51;
686 1163 764 1208 ann.
789 1143 832 1223 V,
857 1146 877 1209 2
884 1166 891 1223 ;
920 1145 1059 1225 Ι)1058,
1085 1143 1126 1231 2).
1158 1145 1223 1212 Sed
1246 1147 1297 1210 Ti-

125 1248 254 1314 berium
279 1248 419 1313 mortuis
442 1248 639 1334 propinquis
663 1269 778 1314 curam
793 1250 840 1315 rei
855 1249 1009 1335 publicae
1024 1271 1094 1317 non
1109 1251 1209 1318 modo
1228 1273 1298 1318 non

124 1354 253 1420 abicere
288 1352 424 1418 solitum
452 1374 531 1431 esse,
567 1375 683 1422 verum
713 1357 813 1421 etiam
845 1357 991 1423 remedio
1023 1379 1061 1424 ea
1094 1381 1195 1426 usum
1227 1379 1298 1426 esse

124 1459 342 1544 aegritudinis
366 1460 446 1525 setis
468 1459 672 1546 intellegitur
693 1482 735 1526 ex
757 1461 837 1528 locis
861 1484 961 1549 supra
984 1463 1101 1531 allatis.
1143 1465 1297 1530 Honores

124 1571 237 1630 autem
261 1564 413 1630 Tiberius
435 1566 532 1631 matri
556 1565 741 1652 denegavit,
767 1589 851 1653 quos
875 1569 939 1634 sibi
961 1570 1031 1655 ipse
1054 1569 1106 1655 (cf.
1132 1591 1164 1656 p.
1183 1568 1247 1656 30),
1265 1576 1298 1637 11

123 1671 270 1756 Augusti
293 1690 419 1736 morem
443 1678 576 1737 secutus
593 1678 651 1751 est,
669 1693 747 1737 cum
763 1673 876 1740 nimiis
895 1674 1079 1740 honoribus
1093 1677 1298 1762 propinquos

123 1775 211 1841 affici
238 1782 378 1854 vetaret;
423 1776 464 1842 cs.
497 1777 588 1842 Suet.
619 1778 706 1864 Aug.
740 1781 796 1858 56;
830 1780 894 1845 Dio
925 1781 978 1860 55,
1013 1784 1043 1847 9.
1079 1783 1129 1847 12.
1179 1782 1297 1867 Neque

127 1885 289 1948 «nmero»
316 1881 374 1946 illa
392 1885 608 1963 «emicedia»,
624 1904 711 1969 quae
726 1891 796 1950 erat
809 1885 897 1950 inter
914 1886 1043 1954 Liviam
1059 1887 1297 1972 Tiberiumque

123 2008 213 2052 anno
237 1989 281 2052 22
303 2009 335 2074 p.
361 1987 439 2055 Chr.
455 2011 488 2054 n.
506 1986 594 2074 (Tac.
612 2010 690 2054 ann.
710 1990 770 2068 ΠΙ,
788 1988 852 2076 64),
868 2012 1033 2077 umquam
1049 1998 1099 2058 est
1113 1993 1293 2072 disiuncta

123 2113 204 2158 nam
223 2097 452 2160 «incenatum
469 2096 613 2162 Tiberim
632 2095 734 2161 fuisse
750 2119 843 2181 «erpa
858 2104 992 2163 matrem
1003 2099 1183 2181 obsequium
1197 2121 1296 2183 neque

123 2221 311 2282 quenquam
332 2202 515 2266 auctoritati
523 2204 673 2281 parentis
688 2204 854 2268 anteisse>
880 2201 1015 2268 Tacitus
1038 2204 1108 2289 ipse
1131 2205 1224 2270 testis
1247 2211 1297 2272 est

124 2303 212 2391 (ann.
224 2304 267 2383 V,
281 2302 323 2389 3).
343 2304 464 2370 Utrum
478 2312 591 2371 autem
603 2305 755 2372 Tiberius
771 2306 914 2393 Capreas
924 2329 958 2374 se
968 2308 1144 2375 contulerit
1162 2313 1296 2378 «matris

19 2491 20 2498 ἵ
123 2413 307 2494 impotentia
330 2419 509 2491 eauusus»,
531 2411 568 2476 id
591 2411 682 2496 quod
705 2413 841 2479 Tacitus
865 2413 978 2480 scribit
1000 2435 1080 2480 ann.
1104 2415 1164 2495 IV,
1196 2417 1238 2480 57
1263 2422 1295 2481 11

19 2537 20 2558 ¹
122 2516 303 2582 Suetonius
324 2515 397 2581 Tib.
424 2517 684 2597 5111111151,
712 2519 901 2598 1211111111,
933 2519 969 2584 in
992 2518 1101 2586 medio
1131 2519 1294 2585 hocloco

20 2697 21 2708 ἵ
120 2623 322 2707 relinquam;
347 2642 416 2686 non
439 2622 529 2687 enim
551 2623 706 2709 impietas
722 2624 752 2688 ei
767 2624 898 2689 crimini
914 2623 985 2688 dari
1000 2627 1109 2710 potest
1123 2632 1295 2712 propterea

120 2727 214 2813 quod
236 2727 346 2792 Rome
369 2726 517 2808 decessit,
543 2749 586 2794 ne
609 2749 687 2795 cum
710 2735 816 2795 matre
838 2729 1049 2796 discordaret.
1095 2730 1196 2797 Porro
1219 2731 1293 2799 Vel·

20 2891 21 2900 ,
120 2832 214 2913 leius,
243 2853 322 2898 cum
345 2833 475 2900 Liviam
505 2836 805 2901 «eminentissimam
833 2844 862 2901 et
883 2858 946 2916 per
973 2838 1079 2902 omnia
1106 2839 1171 2903 diis
1198 2860 1294 2921 quam

120 2941 298 3006 hominebus
320 2941 504 3008 similiorem
525 2942 697 3022 feminum»
724 2941 826 3006 fuisse
849 2941 972 3021 scribit,
994 2963 1072 3008 cum
1088 2942 1203 3010 Tacito
1219 2965 1293 3010 con-

120 3046 230 3125 sentit
247 3045 306 3131 qui
321 3045 487 3132 insignem
503 3046 677 3112 mulierem
696 3067 770 3111 eam
786 3047 888 3113 fuisse
908 3047 1083 3113 confirmat
1105 3069 1183 3114 ann.
1203 3049 1244 3130 V,
1264 3053 1293 3118 1.

119 3152 236 3237 Neque
252 3152 344 3237 quod
359 3174 439 3219 cum
454 3153 516 3218 diis
532 3153 671 3239 scriptor
685 3174 758 3219 esm
776 3160 955 3240 comparat,
968 3155 1181 3221 imminuitur
1196 3155 1291 3235 fides;

120 3259 244 3323 etenim
268 3258 431 3324 eiusmodi
455 3259 615 3326 dictiones
638 3260 844 3346 frequentius
867 3260 983 3328 obvias
1006 3282 1076 3327 non
1095 3261 1226 3348 proprie
1245 3261 1293 3326 in·

118 3363 323 3450 tollegendas
347 3385 417 3431 esse
440 3372 592 3452 apparet;
618 3365 658 3431 cf.
683 3387 715 3452 p.
742 3368 792 3431 15.
841 3366 994 3431 Ceterum
1019 3387 1089 3432 non
1112 3367 1294 3434 maioribus

118 3469 277 3536 laudibus
300 3470 430 3537 Liviam
454 3477 559 3550 ornat,
585 3492 688 3557 quam
715 3473 846 3537 ornavit
874 3492 946 3536 eam
980 3478 1116 3538 senatus
1138 3473 1294 3560 populus·

118 3595 185 3660 que
207 3576 397 3656 Romanum
423 3577 463 3644 cf.
489 3577 577 3643 Suet.
604 3577 678 3643 Tib.
703 3579 851 3656 50-51;
876 3577 953 3643 Tac.
979 3598 1056 3643 ann.
1082 3578 1108 3658 I,
1129 3581 1165 3657 43
1190 3579 1232 3657 V,
1258 3581 1292 3657 2;

118 3681 182 3748 Dio
204 3683 259 3762 51,
287 3685 342 3763 12;
376 3685 429 3764 58,
454 3686 484 3750 2.
532 3682 645 3750 Verba
676 3682 820 3770 denique
851 3683 971 3751 Vellei:
1004 3687 1095 3750 euius
1118 3686 1294 3765 potentiam

117 3810 207 3855 nemo
229 3791 328 3855 sensit
349 3791 415 3855 m'si
437 3797 494 3855 11111
516 3791 668 3856 imatione
684 3792 825 3872 periculi
846 3797 903 3857 aut
918 3792 1091 3856 accessione
1106 3790 1289 3873 diqnitatis»

116 3894 207 3959 iusta
229 3915 301 3960 esse
329 3915 369 3960 ac
391 3916 469 3962 vera
500 3895 661 3982 probatur
691 3916 770 3960 cum
793 3894 931 3962 Suetoni
954 3895 1027 3960 Tib.
1052 3896 1096 3960 50
1128 3900 1161 3960 et
1187 3895 1294 3962 Taciti

21 4039 22 4046 .
117 4019 197 4067 ann.
221 3999 281 4080 IV,
307 4002 363 4080 71;
388 4000 430 4082 V,
456 4003 476 4066 3
499 4007 533 4066 11
554 4001 671 4067 Dionis
695 4001 747 4082 58,
773 4003 794 4066 2
821 4005 896 4066 tum
924 4022 1085 4082 sermono,
1113 4021 1216 4087 quem
1242 4002 1293 4067 Li·

21 4199 22 4206 *
116 4106 208 4173 viam
232 4125 322 4171 anno
344 4107 366 4170 4
388 4127 420 4192 p.
446 4106 522 4171 Chr.
547 4128 581 4172 n.
616 4127 695 4172 cum
718 4106 874 4194 Augusto
903 4107 1061 4173 habuisse
1093 4107 1208 4173 scribit
1229 4107 1292 4172 Dio

117 4212 171 4291 55,
193 4213 334 4277 14-22.
365 4211 554 4278 Potentiam
570 4213 693 4293 Liviae,
717 4213 747 4278 si
768 4213 958 4299 quisquam,
983 4212 1135 4278 Tiberius
1149 4212 1293 4298 graviter

21 4355 22 4406 q
115 4317 208 4397 tulit;
244 4317 287 4382 cf.
311 4317 400 4384 Suet.
425 4318 446 4384 l.
470 4319 505 4399 l.;
539 4319 616 4386 Tac.
641 4339 720 4384 ann.
744 4319 787 4400 II,
812 4321 871 4398 34;
905 4318 965 4398 ΠΙ,
993 4319 1112 4402 l'isq.:
1153 4319 1292 4400 «pudore

21 4443 22 4462 ¹
115 4425 276 4490 absolutae
298 4425 514 4503 Plancinam
534 4424 594 4505 IV,
612 4426 671 4505 57;
696 4425 760 4492 Dio
782 4427 836 4506 51,
862 4427 914 4491 12.
946 4424 1017 4490 Nec
1032 4443 1109 4490 vero
1125 4422 1196 4489 eius
1214 4443 1292 4509 erga
