3084 5050
612 372 927 436 ·-48-

233 571 326 649 ccvii,
352 571 399 634 ita
417 569 569 651 prodipos
586 567 666 632 etot
686 567 814 650 stapitio
838 572 956 649 rpentes
971 569 1066 631 mccii
1081 571 1194 631 seuotu
1217 571 1274 630 oui
1295 573 1408 648 spouic

232 678 338 741 cedere
355 695 474 757 possus
497 680 573 740 est».
621 671 715 749 Quae
739 670 894 758 deinceps
919 671 1065 738 Velleius
1089 677 1202 737 namet
1226 672 1299 749 129,
1325 671 1407 738 ade

232 781 438 848 Maroboduo
470 785 503 846 et
536 777 578 844 de
608 777 780 844 Gallorum
812 777 1003 855 rebellione,
1036 799 1075 843 ea
1109 777 1350 842 confirmantur
1385 799 1407 844 a

233 888 348 954 Tacito
380 909 459 954 ann.
483 886 526 965 11,
551 887 603 950 46.
630 887 673 950 62
696 905 760 969 sq.;
785 883 844 963 ΠΙ,
868 885 1012 950 40-47,
1060 884 1176 969 Neque
1207 883 1407 969 reprehendi

231 1001 340 1081 potest
361 994 397 1058 in
421 1013 459 1058 eo
482 989 574 1076 quod
598 993 671 1068 129,
700 993 723 1054 4
747 989 860 1054 scribit
883 989 942 1055 sic:
976 992 1103 1074 ‹mopui
1126 991 1259 1054 terroris
1291 989 1405 1054 tellum

232 1103 382 1183 Africum
412 1106 441 1165 et
470 1098 626 1163 cotidiano
656 1102 751 1161 ouctu
782 1098 887 1162 maius
919 1098 1072 1177 auspiciis
1104 1097 1303 1177 consiliisque
1336 1097 1406 1160 cius

232 1205 311 1292 (scil.
337 1202 470 1285 Tiberii)
495 1205 580 1268 treci
608 1204 764 1284 sepultum
796 1208 876 1280 est»;
910 1223 991 1267 nam
1023 1201 1147 1268 bellum
1172 1201 1404 1279 Tacfarinatis

232 1312 327 1378 cuius
350 1309 484 1375 initium
514 1308 639 1373 factum
664 1314 714 1372 est
742 1328 832 1373 anno
858 1310 897 1373 17
919 1307 1006 1394 (Tac.
1032 1328 1109 1373 ann.
1134 1309 1177 1389 Π,
1202 1307 1405 1395 52155511]-

232 1439 336 1504 quam
359 1416 494 1481 Tacitus
517 1435 596 1479 ann.
613 1413 673 1490 IV,
691 1415 823 1480 23-25
839 1413 874 1479 id
889 1413 989 1500 plane
1003 1414 1189 1480 extinctum
1205 1437 1276 1482 esse
1292 1420 1406 1486 scribit

232 1545 322 1590 anno
346 1524 398 1601 24,
422 1528 535 1586 tamen
568 1519 716 1584 maxima
747 1542 789 1584 ex
821 1526 915 1606 parte
947 1520 1137 1586 confectum
1169 1528 1219 1588 est
1248 1545 1338 1592 anno
1362 1528 1405 1592 22

232 1630 325 1697 brevi
355 1634 532 1714 postquam
566 1627 711 1711 suscepit
740 1627 858 1692 Iunius
881 1627 1029 1708 Blaesus,
1061 1627 1127 1712 qui⁴
1152 1629 1298 1696 consiliis
1324 1653 1404 1698 usus

232 1743 281 1802 est
312 1733 448 1813 Tiberii;
481 1733 521 1798 cf.
547 1733 623 1797 Tac.
654 1753 732 1798 ann.
756 1733 816 1813 ΠΙ,
842 1734 884 1798 73
908 1754 971 1818 sq.;
995 1733 1056 1814 IV,
1081 1736 1133 1800 23.
1180 1734 1276 1812 Quae
1308 1759 1404 1823 porro

230 1841 378 1908 Velleius
402 1844 641 1906 commemorat
667 1840 776 1918 130,1
802 1838 843 1904 de
865 1839 1023 1905 aedificiis
1042 1840 1210 1907 aTiberio
1234 1845 1402 1922 extructis,

232 1970 270 2014 ea
302 1947 502 2014 confirmant
531 1946 596 2011 Dio
619 1947 671 2025 57,
699 1947 740 2011 10
772 1951 805 2010 et
833 1946 969 2010 Tacitus
1001 1966 1079 2011 ann.
1111 1947 1154 2027 11,
1178 1948 1236 2027 49;
1265 1950 1325 2029 ΠΙ,
1347 1951 1402 2029 72;

232 2055 290 2134 VI,
315 2055 373 2118 45:
399 2056 461 2120 duo
486 2075 582 2135 opero
609 2054 755 2118 Tiberius
778 2054 927 2131 extrusit,
944 2054 1093 2133 templum
1109 2055 1253 2137 Auqusio
1277 2063 1306 2122 ci
1319 2077 1403 2121 scoc-

231 2182 309 2226 uum
331 2161 520 2242 Pompeiani
547 2161 694 2224 theatri».
741 2157 791 2222 Ea
820 2158 964 2243 denique
993 2179 1080 2243 quae
1109 2167 1190 2224 sunt
1220 2163 1293 2240 130,
1319 2164 1339 2226 2
1363 2162 1404 2225 de

231 2267 354 2333 Tiberii
377 2265 573 2332 liberalitate
602 2271 635 2329 et
664 2263 706 2329 de
735 2262 864 2329 delectu
896 2264 939 2330 ab
963 2284 1001 2330 eo
1024 2264 1067 2330 ad
1098 2272 1221 2331 certam
1250 2289 1403 2333 normam

231 2372 374 2452 redacto,
399 2393 477 2439 vera
499 2391 570 2436 esse
593 2375 691 2436 testes
715 2375 795 2435 sunt
817 2369 953 2435 Tacitus
975 2390 1054 2436 ann.
1078 2371 1138 2451 IV,
1166 2373 1210 2438 64
1237 2379 1269 2439 et
1292 2372 1402 2439 Sueto-

234 2480 310 2544 nius
334 2479 408 2543 Tib.
433 2479 485 2544 30.
510 2480 563 2543 48.

324 2584 399 2662 Quo
432 2583 533 2649 modo
563 2581 711 2648 Velleius
743 2602 795 2646 res
825 2581 999 2648 aTiberio
1030 2589 1140 2669 gestas
1172 2583 1402 2673 descripsisset.

231 2692 310 2756 satis
341 2690 543 2775 explicatum
576 2688 726 2755 arbitror.
772 2688 939 2772 Sequitur,
968 2696 1007 2754 ut
1036 2711 1075 2754 ea
1100 2697 1294 2776 perscruter,
1319 2715 1402 2778 quac·

231 2797 277 2862 de
309 2795 539 2861 hominibus
573 2790 752 2860 memoriae
785 2793 931 2880 prodidit
968 2794 1126 2862 Tiberio
1160 2797 1335 2864 vinculis
1369 2812 1401 2862 cl

231 2901 544 2989 propinquitatis
569 2907 606 2967 et
628 2900 847 2966 affinitatis
872 2901 1114 2967 coniunctis:

321 3008 433 3093 Atque
465 3007 507 3087 ΙΙ,
541 3009 614 3072 101.
647 3010 663 3071 1
696 3006 731 3071 O.
764 3006 967 3073 Caesarem
997 3009 1098 3094 paulo
1127 3015 1203 3095 post
1226 3010 1331 3076 Iuliae
1359 3033 1391 3074 re

232 3113 432 3199 legationem
465 3113 500 3176 in
534 3111 665 3197 Syriam
696 3113 837 3178 missum
874 3121 959 3179 «tom
990 3118 1078 3181 varie
1109 3137 1142 3181 se
1175 3118 1222 3182 ibi
1252 3121 1391 3201 pessissc*

232 3218 353 3298 scribit,
379 3225 418 3284 ut
445 3241 517 3285 «uec
540 3220 749 3284 laudaturum
767 3241 883 3303 uroque
897 3241 953 3286 uec
968 3223 1224 3302 vituperatorem
1239 3225 1387 3290 mediocri

231 3327 366 3391 materia
389 3328 563 3408 deiceret».
607 3323 705 3401 Quod
730 3331 845 3390 utrum
878 3346 995 3392 verum
1026 3328 1070 3392 sit
1097 3348 1212 3408 necne,
1243 3328 1391 3394 diudicar

232 3452 301 3497 non
324 3437 439 3517 potest.
487 3432 621 3498 Etenim
654 3431 772 3498 orienti
802 3430 925 3496 Gaium
954 3431 1033 3497 inde
1062 3432 1105 3497 ab
1129 3454 1218 3499 anno
1240 3435 1347 3520 primo
1371 3457 1390 3518 p

234 3538 309 3604 (ihr.
328 3559 360 3603 n.
375 3539 601 3624 praepositum
624 3558 695 3602 esse
718 3536 935 3603 confirmatur
957 3544 990 3602 et
1012 3559 1032 3602 a
1050 3537 1209 3606 Suetonio
1224 3539 1297 3605 Tib.
1317 3543 1357 3606 12
1373 3566 1380 3600 c

233 3666 252 3711 a
275 3644 383 3710 Dione
406 3645 458 3724 55,
486 3645 563 3708 lOa
586 3649 620 3707 et
641 3663 662 3706 a
684 3642 799 3707 Tacito
822 3643 1164 3725 ann.11‚4;111,48;
1190 3648 1278 3712 facta
1292 3654 1387 3712 auten

234 3751 304 3818 eius
326 3751 495 3837 praeclara
517 3769 563 3814 an
585 3746 765 3813 mediocria
788 3747 920 3827 fuerint,
946 3769 987 3813 ex
1009 3749 1141 3831 Dionis,
1172 3753 1231 3838 qui
1254 3753 1343 3818 solus
1366 3774 1389 3814 o

234 3856 306 3924 fuse
330 3856 484 3936 narravit,
510 3853 728 3941 descriptione
751 3853 897 3940 intellegi
926 3875 996 3921 non
1025 3862 1142 3942 potest,
1173 3858 1297 3944 quippe
1320 3878 1390 3942 qua-

233 3963 352 4032 mutila
384 3964 434 4028 sit.
488 3963 589 4027 Porro
618 3961 775 4041 Velleius,
810 3982 888 4026 cum
921 3961 1044 4027 Gaium
1075 3963 1113 4027 in
1142 3963 1302 4029 orientem
1335 3983 1389 4048 pu·

235 4069 399 4138 facturum
422 4068 594 4135 Tiberium
617 4067 810 4133 convenisse
833 4073 955 4148 narrat,
972 4068 1139 4132 consentit
1153 4090 1230 4134 cum
1247 4067 1388 4135 Suetoui

235 4176 308 4246 'lib
336 4179 376 4246 12
399 4173 451 4265 (cf.
476 4175 552 4263 epit.
577 4173 703 4261 Xiphil.
737 4172 780 4237 ad
809 4173 908 4238 Dion.
933 4174 985 4253 55,
1013 4175 1176 4262 10-12),
1207 4175 1267 4240 sed
1296 4171 1383 4242 verbi

236 4307 330 4354 usus:
367 4287 438 4352 «cui
470 4281 548 4371 (scil.
569 4278 713 4366 Tiberio)
735 4299 855 4346 ouiueru
877 4278 1023 4344 honorem
1052 4290 1088 4346 ut
1114 4283 1274 4363 superiori
1296 4281 1387 4346 heiu

236 4391 316 4482 (scil.
342 4387 477 4478 Gaiusp
505 4396 537 4456 et
560 4409 638 4455 cum
661 4386 820 4453 Suetonio
843 4383 1016 4469 discrepat,
1033 4385 1093 4470 qui
1112 4408 1259 4470 «causum
1274 4387 1385 4452 ruciou
