3084 5050
687 362 910 426 -38-

318 576 405 641 quae
428 561 507 621 sunt
530 555 622 643 apud
645 556 799 621 Tacitum
823 555 865 636 ΙΙ,
891 557 935 621 30
958 574 997 620 ac
1020 554 1079 634 ΙΠ,
1104 555 1162 631 67;
1193 574 1235 618 ex
1258 552 1386 639 quibus

319 661 489 726 Tiberium
514 683 624 728 servos
647 663 750 728 actori
771 661 906 748 publico
929 661 1112 746 mancipari
1134 660 1269 726 iussisse
1290 659 1386 725 intel-

318 767 446 853 legitur,
472 773 511 832 ut
533 789 574 833 ex
597 768 637 834 iis
660 769 697 835 in
721 767 875 834 dominos
898 769 1013 854 quaeri
1035 773 1155 853 posset.

212 876 264 953 57,
291 875 333 940 22
363 875 475 939 statim
504 874 675 940 Tiberium
698 874 900 960 supplicium
921 875 1101 959 sumpsisse
1116 872 1216 938 tradit
1238 871 1279 936 de
1301 892 1386 936 non-

319 981 420 1048 nullis
444 1002 568 1060 eorum,
600 982 659 1067 qui
683 983 831 1047 Drusum
855 980 964 1046 filium
986 980 1235 1046 interfecissent.
1283 977 1385 1055 Quod

319 1087 482 1166 abhonet,
493 1094 584 1172 pute,
598 1108 619 1151 a
629 1087 781 1166 veritate;
795 1087 947 1170 namqui
961 1087 1109 1152 Drusum
1126 1091 1310 1160 necassent,
1328 1105 1384 1150 eos

318 1193 482 1258 iudicatos
506 1213 577 1258 esse
600 1200 674 1260 octo
698 1195 796 1259 annis
821 1201 896 1280 post
918 1195 989 1279 ipse
1005 1197 1193 1262 auctorest
1215 1193 1267 1267 58,
1295 1193 1334 1256 11
1351 1197 1385 1256 et

317 1297 452 1364 Tacitus
476 1319 554 1363 ann.
580 1298 639 1379 IV,
664 1302 693 1365 8.

211 1403 451 1471 Infestissimus
483 1404 614 1470 Tiberio
646 1405 817 1472 invenitur
846 1406 917 1472 Dio
932 1407 984 1485 57,
1011 1407 1063 1471 20,
1111 1404 1186 1481 Quo
1208 1402 1281 1468 loco
1305 1424 1383 1469 eum

318 1517 453 1576 senatus
477 1511 629 1592 consulti,
661 1518 701 1578 ut
723 1512 765 1578 de
787 1513 836 1592 iis,
860 1514 920 1598 qui
951 1513 1066 1598 capitis
1090 1511 1240 1576 damnati
1263 1515 1381 1587 essent,

318 1615 432 1682 decem
457 1616 574 1684 diebus
597 1623 674 1705 post
689 1619 942 1684 damnationem
963 1618 1164 1705 supplicium
1187 1623 1380 1691 sumeretur,

317 1730 485 1789 auctorem
516 1724 619 1790 fuisse
646 1724 761 1789 scribit
794 1723 872 1812 «οὐχ
896 1723 942 1791 ὅτι
965 1725 1082 1796 ἐκεῖνος
1114 1723 1287 1808 ἐκολάσθη,
1312 1719 1382 1786 ἀλλ’

317 1827 362 1894 ὅτι
389 1852 434 1902 τις
462 1827 519 1895 ὑπὸ
542 1842 600 1895 τῶν
624 1834 792 1914 βουλευτῶν
816 1831 887 1897 ἄνευ
911 1843 965 1919 τῆς
989 1831 1097 1896 ἑαυτοῦ
1121 1838 1243 1914 γνώμης
1267 1827 1384 1894 ἐθανα-

316 1937 435 2021 τώθη».

299 2039 410 2126 Atque
432 2042 515 2108 haec
538 2043 710 2110 hactenus.
757 2043 843 2109 Satis
865 2044 1079 2129 perspicuum
1102 2048 1152 2107 est
1175 2046 1207 2106 et
1229 2039 1387 2106 Tacitum

209 2151 242 2211 et
256 2145 409 2226 Dionem,
435 2169 513 2214 cum
529 2169 667 2216 saevum
683 2150 857 2236 ingenium
873 2149 998 2215 Tiberii
1014 2147 1186 2214 ostendere
1201 2145 1385 2223 studerent,

209 2251 238 2316 ei
261 2251 308 2317 ita
330 2253 468 2319 infestos
492 2254 601 2334 fuisse,
634 2262 673 2321 ut
702 2260 734 2321 et
757 2256 841 2321 falsa
864 2256 1042 2322 memoriae
1065 2254 1242 2341 proderent·
1265 2259 1297 2318 et
1321 2251 1389 2318 sibi

208 2358 272 2443 ipsi
295 2358 526 2447 discreparent.

296 2467 366 2532 Neo
398 2487 474 2534 vero
507 2467 607 2533 modo
637 2468 672 2532 in
709 2468 903 2534 crudelitate
926 2468 1049 2533 Tiberii
1077 2464 1275 2533 illustranda
1298 2473 1387 2531 uter-

208 2593 274 2656 que
308 2573 446 2658 scriptor
478 2573 615 2660 iniquus
647 2574 817 2642 invenitur
839 2574 992 2660 principi,
1018 2572 1075 2639 sed
1099 2573 1200 2639 etiam
1222 2572 1258 2636 in
1282 2568 1386 2656 expli-

208 2678 337 2743 catione
369 2678 511 2744 aliarum
540 2700 652 2745 rerum
676 2680 718 2745 ab
742 2701 781 2746 eo
803 2687 972 2767 gestarum
997 2679 1094 2745 annis
1118 2679 1258 2743 23—26.
1307 2675 1386 2752 Quo

207 2784 279 2849 loco
302 2785 453 2850 omittere
485 2807 554 2852 non
583 2806 721 2872 possum
746 2808 827 2867 rem,
853 2807 948 2872 quae,
982 2807 1050 2871 qua
1077 2786 1205 2851 ratione
1227 2784 1291 2848 Dio
1313 2802 1385 2849 ver·

208 2896 300 2955 satus
335 2891 377 2956 sit
411 2891 446 2956 in
479 2893 654 2958 narrandis
687 2892 811 2959 Tiberii
840 2892 940 2959 rebus
972 2893 1081 2978 gestis,
1118 2890 1202 2956 bene
1228 2889 1382 2954 illustret.

207 2995 351 3077 Etenim,
390 3019 466 3062 cum
498 2998 633 3064 initium
666 3000 770 3065 sumit
799 2998 964 3066 scribendi
987 3002 1040 3077 57,
1068 3000 1162 3076 1-6,
1186 2995 1309 3061 Tiberii
1331 2995 1384 3060 in-

206 3102 343 3188 genium
367 3124 541 3189 moresque
557 3104 707 3191 depingit
723 3104 887 3171 coloribus
910 3105 1122 3183 tristissimis3
1147 3102 1383 3168 nihilominus

207 3228 284 3273 eum
316 3209 499 3297 principem
533 3211 699 3298 optimum
731 3211 833 3277 luisse
864 3218 978 3277 narrat
1010 3213 1062 3290 57,
1097 3212 1215 3276 7-12.
1268 3208 1382 3286 Quam

206 3313 462 3400 discrepantiam
497 3323 535 3383 ut
566 3315 669 3398 tollat,
702 3317 873 3385 Tiberium
905 3339 975 3384 rem
1007 3317 1177 3404 publicam
1211 3315 1295 3381 bene
1324 3313 1381 3378 ad·

206 3420 445 3488 ministravisse
477 3423 591 3490 scribit
622 3425 679 3505 57,
717 3425 766 3492 13.
803 3427 843 3492 19
884 3430 1089 3491 metuentem
1129 3422 1377 3488 Germanicum.

205 3525 323 3611 Neque
341 3532 456 3592 tamen
471 3529 642 3596 Tiberium
666 3552 724 3598 sex
746 3553 805 3619 per
818 3551 925 3599 annos
941 3530 1069 3597 bonum
1086 3529 1187 3594 fuisse
1203 3527 1379 3595 verisimile

206 3637 255 3699 est
277 3640 457 3720 propterea,
484 3635 575 3721 quod
600 3637 772 3703 aemulum
795 3639 940 3716 timeret;
971 3656 1010 3703 ac
1033 3657 1075 3701 ne
1098 3635 1219 3704 invidit
1240 3634 1379 3720 quidem

206 3738 405 3806 Germanico
429 3763 537 3828 neque
561 3763 639 3809 eum
663 3743 789 3821 timuit;
814 3763 875 3810 nec
899 3748 1030 3808 mortuo
1048 3742 1247 3809 Germanico
1269 3763 1378 3808 mores

205 3843 327 3909 Tiberii
351 3853 431 3912 sunt
453 3849 632 3916 immutati.
676 3849 833 3918 Extitisse
856 3857 969 3916 autem
992 3849 1123 3918 videtur
1146 3848 1376 3934 discrepantia,

205 3967 283 4015 cum
306 3950 434 4018 tristem
449 3953 629 4039 imaginem
654 3955 779 4042 ingenii
795 3957 926 4038 Tiberii,
951 3977 1055 4043 quam
1071 3957 1231 4042 expressit
1253 3961 1377 4034 auctor,

204 4053 267 4121 Dio
290 4055 449 4133 redderet,
485 4059 600 4126 multis
635 4067 748 4128 autem
771 4062 871 4128 rebus
894 4085 914 4129 a
937 4063 1068 4128 Tiberio
1091 4061 1176 4128 bene
1198 4062 1299 4148 gestis
1322 4060 1376 4127 ad·

204 4161 387 4244 duceretur,
412 4169 451 4229 ut
474 4164 598 4250 optime
620 4167 876 4254 rempublicam
900 4169 1146 4236 0001014-19
1169 4169 1378 4236 administra-

203 4272 273 4358 tam
312 4289 383 4335 esse
421 4270 623 4338 concederet.
682 4273 758 4350 Qua
791 4274 828 4340 in
862 4296 896 4342 ra
927 4275 1057 4342 cautius
1091 4276 1181 4341 fonte
1214 4297 1296 4341 usus
1328 4281 1378 4340 est

203 4372 347 4440 Tacitus.
403 4374 469 4452 Qui
509 4397 586 4442 cum
621 4379 737 4446 eodem
772 4379 871 4447 modo
903 4399 970 4468 quo
1002 4381 1065 4449 Dio
1100 4402 1202 4467 quarn
1245 4381 1375 4447 atrocis·
