3084 5050
647 433 869 496 ...17-

146 625 249 692 modo
272 627 400 692 factum
423 631 481 706 est,
505 632 544 691 ut
570 628 705 709 ‘frande
730 625 963 692 Gerincncrnm
986 631 1134 706 temptato
1162 627 1318 695 exeritu»

146 729 245 818 (Vell.
260 733 303 812 Il,
330 734 403 812 107,
428 730 460 819 3)
483 731 646 817 proelium
670 731 875 796 committere
898 734 1078 814 cogeretur.
1130 729 1229 806 Quod
1251 731 1322 816 ipse

146 845 262 925 postea
293 837 335 903 de
367 859 402 903 se
431 836 646 924 praedicavit,
672 837 712 902 of.
745 837 823 902 Tac.
855 856 934 901 ann.
965 835 1008 914 Π,
1043 837 1099 901 26;
1139 857 1189 902 «se
1217 840 1322 903 novies

147 968 169 1011 c
201 948 272 1011 dieo
301 947 446 1028 Anpasto
478 946 513 1010 in·
545 945 753 1010 Germaniam
782 944 915 1008 missum
940 942 1042 1023 pluro
1073 943 1199 1008 oonsilio
1226 965 1321 1024 qaam

146 1053 180 1116 ci
201 1052 397 1133 perfecisse».
446 1048 718 1126 Quamobrem
734 1047 886 1112 'liberius
908 1047 1014 1112 maior
1037 1053 1107 1112 erat
1129 1046 1199 1112 dux
1217 1062 1319 1132 quam
1381 1059 1382 1063 ’

147 1155 377 1235 Germanicus,
400 1177 501 1242 quem
525 1155 722 1241 saepius,'ut
738 1153 983 1219 Germanorum
997 1151 1135 1218 insidias
1151 1153 1320 1238 effugeret,

146 1263 280 1348 magnis
297 1284 374 1328 oum
399 1261 605 1328 detrimentis
620 1260 744 1346 proelia
767 1259 972 1325 committere
988 1265 1139 1324 eoactum
1165 1255 1216 1344 (of.
1241 1259 1318 1324 Tac.

146 1388 226 1432 ann.
259 1367 286 1446 I,
318 1367 473 1446 55-71;
507 1367 550 1446 ΙΙ,
582 1363 716 1451 5-26)
748 1386 809 1430 suo
840 1365 911 1430 iure
943 1364 1111 1430 illeanno
1137 1367 1176 1430 16
1200 1364 1321 1431 0011-

145 1473 260 1538 mania
291 1474 465 1540 revocavit.
523 1472 617 1550 Quae
649 1471 825 1537 a'liberio
854 1471 890 1535 in
919 1471 1005 1536 bello
1028 1470 1172 1556 gerendo
1194 1471 1321 1557 positae

145 1585 228 1644 sunt
259 1600 339 1645 oura
371 1586 470 1664 atque
497 1600 605 1665 opera,
639 1584 725 1644 certe
757 1578 901 1643 minores
935 1598 1004 1642 non
1035 1583 1129 1643 erant
1150 1578 1200 1657 iis,
1236 1599 1321 1664 quas

144 1692 331 1770 posuerunt
353 1692 430 1751 ante
454 1707 531 1750 eum
554 1686 684 1750 Drusus
708 1681 782 1770 (Dio
807 1688 858 1764 54,
888 1685 931 1748 32
954 1705 1018 1768 sq.;
1048 1684 1101 1764 55,
1137 1681 1167 1770 1)
1191 1690 1321 1770 etpost

145 1810 224 1856 eum
249 1791 467 1857 Germanicus
494 1788 583 1877 (Tac.
608 1813 685 1856 ann.
717 1791 743 1870 l,
770 1793 813 1858 50
836 1812 901 1876 sq.;
928 1792 1074 1870 55-71;
1113 1791 1156 1870 ΙΙ,
1188 1790 1318 1877 5-26).

144 1896 262 1981 Neque
284 1896 412 1977 itinera,
441 1918 526 1983 quae
549 1898 627 1963 fecit
649 1897 811 1963 exercitus
835 1897 933 1961 annis
956 1897 1055 1976 4-5,
1089 1898 1203 1962 minus
1225 1903 1320 1963 erant

144 2001 330 2068 difficiliora
353 2024 462 2089 neque
485 2005 640 2090 pericula,
665 2025 752 2090 quae
776 2003 888 2082 subiit,
913 2002 1037 2068 leviora
1051 2004 1102 2083 iis,
1127 2025 1213 2089 quae
1232 2025 1319 2071 exer·

144 2109 231 2174 citus
263 2109 439 2175 subierunt
470 2110 567 2175 annis
597 2112 725 2175 12-11
761 2112 890 2174 1191.
915 2107 991 2173 Chr.
1016 2130 1050 2174 n.
1075 2115 1108 2175 et
1133 2111 1262 2176 14-16
1285 2133 1317 2197 p.

143 2213 221 2280 Chr.
239 2235 271 2280 n.
304 2215 531 2282 Nihilominus
548 2221 580 2281 et
595 2216 752 2294 Dionem,
770 2215 829 2300 qui
837 2214 939 2280 Drusi
955 2215 1180 2300 expeditiones
1194 2216 1318 2296 laudet,

142 2325 176 2385 et
194 2320 357 2400 Tacitum,
374 2322 434 2407 qui
450 2321 641 2387 Germanici
656 2342 707 2386 res
727 2326 837 2406 gestas
862 2319 1003 2386 summis
1019 2321 1134 2387 efferat
1151 2321 1317 2401 laudibus,

142 2427 315 2512 scriptores
332 2448 402 2492 esse
413 2427 560 2494 veritatis
577 2433 728 2492 amantes
746 2448 845 2493 nemo
863 2432 913 2492 est
935 2427 1018 2512 quin
1042 2427 1139 2507 dicat,
1165 2427 1223 2494 sed
1243 2427 1318 2494 Vel·

140 2531 259 2612 leium,
270 2553 477 2619 quamquam
490 2533 610 2600 iisdem
624 2532 783 2598 laudibus
795 2533 943 2598 Drusum
966 2538 1067 2617 atque
1080 2532 1318 2601 Germanicum

142 2638 245 2718 effert,
263 2640 386 2724 quibus
402 2640 572 2705 Tiberium
589 2636 639 2725 (ut
654 2639 825 2704 liberium
854 2640 928 2717 100,
948 2645 965 2704 1
983 2640 1029 2703 ita
1045 2639 1193 2704 Drusum
1219 2643 1271 2721 97,
1297 2643 1317 2707 3
1346 2693 1348 2698 .

140 2751 175 2809 11
190 2744 427 2812 Germanicum
454 2748 565 2826 1202
590 2745 769 2811 domitores
785 2746 931 2831 appellat
955 2744 1179 2831 Germaniae),
1204 2753 1318 2812 tamen

140 2851 313 2916 Tiberium
336 2852 511 2918 adulatum
536 2872 607 2917 esse
629 2873 729 2917 nemo
753 2852 819 2916 fere
843 2858 944 2937 negat
966 2850 1018 2938 (of.
1037 2851 1178 2936 Stanger
1200 2874 1233 2938 p.
1253 2851 1316 2939 15).

231 2957 295 3022 Sed
311 2957 378 3022 iarn
395 2958 501 3023 sentio
517 2978 571 3023 me
588 2978 658 3022 esse
673 2957 806 3042 longius
831 2977 1001 3042 egressum
1024 2978 1128 3042 quam
1150 2958 1319 3044 proposita

139 3063 224 3129 ratio
246 3065 442 3148 postularet:
467 3063 618 3129 dicamus
635 3063 676 3130 de
691 3064 793 3129 altera
809 3063 866 3128 illa
882 3078 991 3143 causa,
1016 3084 1119 3148 quam
1135 3065 1316 3148 quominus

139 3169 222 3234 fides
245 3168 436 3236 Velleianae
451 3169 529 3235 belli
546 3170 735 3236 Germanioi
758 3169 969 3255 descriptioni
983 3169 1170 3249 haberetur,
1187 3169 1318 3237 obstare

138 3273 294 3340 vidimus.
348 3275 461 3360 Atque
498 3297 557 3341 cur
586 3276 735 3340 Drusum
759 3295 849 3340 anno
873 3278 894 3340 9
917 3295 946 3341 a.
971 3274 1048 3340 Chr.
1072 3297 1105 3341 n.
1135 3275 1178 3340 ad
1201 3276 1316 3342 Albim
1362 3263 1365 3268 ⁵

137 3381 266 3446 flumen
287 3388 476 3467 penetrasse
498 3402 628 3467 negem,
653 3382 763 3448 variae
787 3386 903 3446 extant
924 3381 1077 3446 rationes.

227 3487 378 3552 Primum
406 3488 497 3552 enim
519 3487 649 3552 Drusus
672 3507 762 3552 anno
788 3488 826 3552 11
852 3507 881 3551 a.
908 3485 984 3552 Chr.
1010 3507 1042 3551 n.
1076 3508 1120 3553 ne
1142 3488 1316 3574 Visurgim
1372 3503 1374 3508 ’

138 3591 276 3676 quidem
298 3593 483 3678 transgredi
506 3593 616 3678 potuit
639 3599 671 3658 11
688 3613 813 3678 magna
829 3593 915 3678 oepit
930 3591 1138 3673 detrimenta,
1164 3615 1240 3660 cum
1257 3615 1317 3680 per

138 3697 222 3762 fines
237 3697 480 3764 Cheruscorum
496 3699 758 3785 proficisceretur
772 3696 847 3785 (Dio
858 3700 911 3778 54,
930 3697 993 3782 33).
1037 3698 1167 3764 Deinde
1182 3720 1272 3765 anno
1282 3703 1312 3779 9,

137 3805 332 3889 priusquam
351 3804 394 3869 ad
410 3803 593 3870 Cheruscos
609 3805 768 3891 pervenit,
794 3804 884 3890 apud
901 3803 1038 3870 Chattos
1055 3810 1088 3870 et
1103 3805 1184 3870 alias
1199 3811 1314 3891 gentes

138 3908 253 3995 (Suebi
275 3910 485 3996 appellantur
506 3909 660 3998 aDione)
674 3910 888 3996 gravissimas
903 3910 981 3974 fecit
1003 3910 1147 3975 iacturas
1153 3933 1160 3990 ;
1186 3911 1226 3976 cf.
1250 3912 1315 3976 Dio

139 4016 191 4095 55,
220 4017 254 4080 1;
291 4019 380 4089 «τοὺς
409 4019 647 4102 προςμιγνὺντας
671 4014 699 4081 ol
730 4013 786 4081 0111
810 4015 956 4102 ἀναιμωτὶ
979 4029 1129 4100 κρατῶν».
1176 4016 1257 4083 Post
1278 4018 1314 4082 in

137 4127 208 4186 tota
240 4121 459 4207 descriptione
487 4125 545 4203 55,
579 4125 596 4188 1,
625 4123 689 4188 Dio
719 4128 869 4188 versatur
898 4121 1035 4187 oratoris
1067 4121 1212 4202 ratione,
1244 4143 1314 4188 non

137 4247 250 4292 rerum
284 4227 450 4314 scriptoris
459 4251 466 4308 ;
499 4229 545 4294 cl:
584 4232 676 4314 ιγονὴ
714 4233 772 4312 γάρ
810 4249 855 4299 τις
883 4230 992 4313 μείζων
1022 4228 1176 4292 1101.»
1224 4227 1313 4294 'lum

139 4332 329 4414 Suetonius,
360 4335 419 4420 qui
451 4334 567 4402 Claud.
595 4337 612 4400 1
636 4335 787 4400 Drusum
810 4331 935 4413 laudat,
960 4332 1020 4418 qui
1041 4333 1170 4420 primus
1193 4332 1313 4398 Roma·

137 4457 259 4504 norum
303 4439 429 4506 dueum
464 4460 628 4506 oceanum
666 4437 956 4526 septentrionalem
994 4437 1208 4524 navigaverit,
1243 4458 1313 4503 non

1192 4553 1205 4594 Β
