<?xml version="1.0" encoding="UTF-8"?>
<!DOCTYPE html PUBLIC "-//W3C//DTD XHTML 1.0 Transitional//EN"
    "http://www.w3.org/TR/xhtml1/DTD/xhtml1-transitional.dtd">
<html xmlns="http://www.w3.org/1999/xhtml" xml:lang="en" lang="en">
 <head>
  <title>
</title>
<meta http-equiv="Content-Type" content="text/html;charset=utf-8" />
  <meta name='ocr-system' content='tesseract 3.04.00' />
  <meta name='ocr-capabilities' content='ocr_page ocr_carea ocr_par ocr_line ocrx_word'/>
</head>
<body>
  <div class='ocr_page' id='page_1' title='image "./develleipatercu01fausgoog_0066.png"; bbox 0 0 3084 5050; ppageno 0'>
   <div class='ocr_carea' id='block_1_1' title="bbox 624 427 846 490">
    <p class='ocr_par' dir='ltr' id='par_1_1' title="bbox 624 427 846 490">
     <span class='ocr_line' id='line_1_1' title="bbox 624 427 846 490; baseline -0.005 -19"><span class='ocrx_word' id='word_1_1' title='bbox 624 427 846 490; x_wconf 63' lang='lat'>„59..</span> 
     </span>
    </p>
   </div>
   <div class='ocr_carea' id='block_1_2' title="bbox 5 617 1320 706">
    <p class='ocr_par' dir='ltr' id='par_1_2' title="bbox 5 617 1320 706">
     <span class='ocr_line' id='line_1_2' title="bbox 5 617 1320 706; baseline -0.003 -17"><span class='ocrx_word' id='word_1_2' title='bbox 5 659 6 664; x_wconf 42' lang='lat'><strong>.</strong></span> <span class='ocrx_word' id='word_1_3' title='bbox 145 621 276 689; x_wconf 90' lang='lat' dir='ltr'>tulum</span> <span class='ocrx_word' id='word_1_4' title='bbox 300 620 463 687; x_wconf 82' lang='lat' dir='ltr'>Cossum</span> <span class='ocrx_word' id='word_1_5' title='bbox 487 640 577 685; x_wconf 91' lang='lat' dir='ltr'>anno</span> <span class='ocrx_word' id='word_1_6' title='bbox 600 625 693 684; x_wconf 86' lang='lat' dir='ltr'>sexto</span> <span class='ocrx_word' id='word_1_7' title='bbox 716 641 747 704; x_wconf 88' lang='lat' dir='ltr'>p.</span> <span class='ocrx_word' id='word_1_8' title='bbox 774 617 851 684; x_wconf 85' lang='lat' dir='ltr'>Ohr.</span> <span class='ocrx_word' id='word_1_9' title='bbox 876 639 908 684; x_wconf 92' lang='lat' dir='ltr'>n.</span> <span class='ocrx_word' id='word_1_10' title='bbox 934 625 967 683; x_wconf 90' lang='lat' dir='ltr'>et</span> <span class='ocrx_word' id='word_1_11' title='bbox 989 619 1205 705; x_wconf 78' lang='lat' dir='ltr'>uiumphalia</span> <span class='ocrx_word' id='word_1_12' title='bbox 1224 619 1320 706; x_wconf 86' lang='lat' dir='ltr'>signa</span> 
     </span>
    </p>
   </div>
   <div class='ocr_carea' id='block_1_3' title="bbox 146 724 1333 4515">
    <p class='ocr_par' dir='ltr' id='par_1_3' title="bbox 146 724 1328 2294">
     <span class='ocr_line' id='line_1_3' title="bbox 147 724 1325 814; baseline -0.002 -20"><span class='ocrx_word' id='word_1_13' title='bbox 147 728 310 814; x_wconf 88' lang='lat' dir='ltr'>adeptum</span> <span class='ocrx_word' id='word_1_14' title='bbox 342 747 413 793; x_wconf 89' lang='lat' dir='ltr'>esse</span> <span class='ocrx_word' id='word_1_15' title='bbox 443 733 477 792; x_wconf 91' lang='grc'>61</span> <span class='ocrx_word' id='word_1_16' title='bbox 505 745 691 810; x_wconf 82' lang='lat' dir='ltr'>cognomen</span> <span class='ocrx_word' id='word_1_17' title='bbox 715 724 889 804; x_wconf 79' lang='lat' dir='ltr'>Gaetulici,</span> <span class='ocrx_word' id='word_1_18' title='bbox 920 726 1010 810; x_wconf 93' lang='lat' dir='ltr'>quod</span> <span class='ocrx_word' id='word_1_19' title='bbox 1033 725 1182 792; x_wconf 79' lang='lat' dir='ltr'>Velleius</span> <span class='ocrx_word' id='word_1_20' title='bbox 1208 733 1325 792; x_wconf 83' lang='lat' dir='ltr'>narrat</span> 
     </span>
     <span class='ocr_line' id='line_1_4' title="bbox 149 829 1323 914; baseline -0.002 -15"><span class='ocrx_word' id='word_1_21' title='bbox 149 836 223 913; x_wconf 89' lang='grc'><strong>116,</strong></span> <span class='ocrx_word' id='word_1_22' title='bbox 249 835 279 914; x_wconf 81' lang='grc'>2,</span> <span class='ocrx_word' id='word_1_23' title='bbox 303 833 396 899; x_wconf 88' lang='lat' dir='ltr'>testis</span> <span class='ocrx_word' id='word_1_24' title='bbox 419 838 470 898; x_wconf 88' lang='lat' dir='ltr'>est</span> <span class='ocrx_word' id='word_1_25' title='bbox 492 833 593 896; x_wconf 88' lang='lat' dir='ltr'>etiam</span> <span class='ocrx_word' id='word_1_26' title='bbox 615 830 679 896; x_wconf 94' lang='lat' dir='ltr'>Dio</span> <span class='ocrx_word' id='word_1_27' title='bbox 702 832 755 910; x_wconf 79' lang='lat'>55,</span> <span class='ocrx_word' id='word_1_28' title='bbox 778 832 830 896; x_wconf 83' lang='lat'>28.</span> <span class='ocrx_word' id='word_1_29' title='bbox 879 829 982 897; x_wconf 76' lang='lat' dir='ltr'>(luins</span> <span class='ocrx_word' id='word_1_30' title='bbox 1012 831 1148 896; x_wconf 91' lang='lat' dir='ltr'>honoris</span> <span class='ocrx_word' id='word_1_31' title='bbox 1177 833 1323 897; x_wconf 84' lang='lat' dir='ltr'>testimo·</span> 
     </span>
     <span class='ocr_line' id='line_1_5' title="bbox 146 936 1323 1024; baseline -0.001 -20"><span class='ocrx_word' id='word_1_32' title='bbox 146 940 243 1004; x_wconf 90' lang='lat' dir='ltr'>nium</span> <span class='ocrx_word' id='word_1_33' title='bbox 274 945 343 1004; x_wconf 88' lang='lat' dir='ltr'>erat</span> <span class='ocrx_word' id='word_1_34' title='bbox 373 958 558 1024; x_wconf 83' lang='lat' dir='ltr'>cognomen</span> <span class='ocrx_word' id='word_1_35' title='bbox 581 937 649 1016; x_wconf 90' lang='lat' dir='ltr'>filii,</span> <span class='ocrx_word' id='word_1_36' title='bbox 675 936 734 1022; x_wconf 91' lang='lat' dir='ltr'>qui</span> <span class='ocrx_word' id='word_1_37' title='bbox 756 936 985 1023; x_wconf 80' lang='lat' dir='ltr'>appellabatur</span> <span class='ocrx_word' id='word_1_38' title='bbox 1012 938 1253 1017; x_wconf 53' lang='lat' dir='ltr'>«Gaetulicum</span> <span class='ocrx_word' id='word_1_39' title='bbox 1279 937 1323 1002; x_wconf 63' lang='lat' dir='ltr'>oft</span> 
     </span>
     <span class='ocr_line' id='line_1_6' title="bbox 147 1043 1326 1131; baseline 0 -21"><span class='ocrx_word' id='word_1_40' title='bbox 147 1046 246 1131; x_wconf 91' lang='lat' dir='ltr'>Nipp.</span> <span class='ocrx_word' id='word_1_41' title='bbox 280 1044 357 1110; x_wconf 90' lang='lat' dir='ltr'>adn.</span> <span class='ocrx_word' id='word_1_42' title='bbox 390 1044 433 1109; x_wconf 92' lang='lat' dir='ltr'>ad</span> <span class='ocrx_word' id='word_1_43' title='bbox 470 1044 546 1108; x_wconf 84' lang='lat' dir='ltr'>Tac.</span> <span class='ocrx_word' id='word_1_44' title='bbox 588 1063 667 1108; x_wconf 87' lang='lat' dir='ltr'>ann.</span> <span class='ocrx_word' id='word_1_45' title='bbox 700 1043 759 1122; x_wconf 91' lang='lat' dir='ltr'>IV,</span> <span class='ocrx_word' id='word_1_46' title='bbox 792 1045 845 1108; x_wconf 79' lang='lat'>42.</span> <span class='ocrx_word' id='word_1_47' title='bbox 893 1043 1022 1109; x_wconf 89' lang='lat' dir='ltr'>Deinde</span> <span class='ocrx_word' id='word_1_48' title='bbox 1050 1043 1141 1128; x_wconf 92' lang='lat' dir='ltr'>quod</span> <span class='ocrx_word' id='word_1_49' title='bbox 1174 1043 1326 1110; x_wconf 79' lang='lat' dir='ltr'>Velleius</span> 
     </span>
     <span class='ocr_line' id='line_1_7' title="bbox 147 1148 1326 1235; baseline 0 -20"><span class='ocrx_word' id='word_1_50' title='bbox 147 1156 261 1216; x_wconf 87' lang='lat' dir='ltr'>narrat</span> <span class='ocrx_word' id='word_1_51' title='bbox 291 1151 363 1228; x_wconf 85' lang='lat'>116,</span> <span class='ocrx_word' id='word_1_52' title='bbox 388 1152 409 1214; x_wconf 76' lang='lat'><strong>2</strong></span> <span class='ocrx_word' id='word_1_53' title='bbox 441 1149 478 1215; x_wconf 81' lang='grc' dir='ltr'>Ο.</span> <span class='ocrx_word' id='word_1_54' title='bbox 502 1148 668 1217; x_wconf 88' lang='lat' dir='ltr'>Vibium</span> <span class='ocrx_word' id='word_1_55' title='bbox 692 1148 937 1214; x_wconf 81' lang='lat' dir='ltr'>Postumum</span> <span class='ocrx_word' id='word_1_56' title='bbox 968 1169 1123 1235; x_wconf 88' lang='lat' dir='ltr'>prospere</span> <span class='ocrx_word' id='word_1_57' title='bbox 1145 1171 1225 1215; x_wconf 92' lang='lat' dir='ltr'>cum</span> <span class='ocrx_word' id='word_1_58' title='bbox 1247 1148 1326 1215; x_wconf 90' lang='lat' dir='ltr'>Dal-</span> 
     </span>
     <span class='ocr_line' id='line_1_8' title="bbox 148 1254 1324 1342; baseline -0.002 -20"><span class='ocrx_word' id='word_1_59' title='bbox 148 1257 248 1322; x_wconf 85' lang='lat' dir='ltr'>matis</span> <span class='ocrx_word' id='word_1_60' title='bbox 270 1254 472 1342; x_wconf 86' lang='lat' dir='ltr'>pugnavisse</span> <span class='ocrx_word' id='word_1_61' title='bbox 494 1261 535 1320; x_wconf 91' lang='lat' dir='ltr'>ut</span> <span class='ocrx_word' id='word_1_62' title='bbox 549 1254 725 1320; x_wconf 91' lang='lat' dir='ltr'>confirmat</span> <span class='ocrx_word' id='word_1_63' title='bbox 747 1254 812 1319; x_wconf 90' lang='lat' dir='ltr'>Dio</span> <span class='ocrx_word' id='word_1_64' title='bbox 828 1257 880 1334; x_wconf 80' lang='lat'>56,</span> <span class='ocrx_word' id='word_1_65' title='bbox 901 1257 951 1333; x_wconf 82' lang='lat'>15,</span> <span class='ocrx_word' id='word_1_66' title='bbox 975 1255 1022 1320; x_wconf 90' lang='lat' dir='ltr'>ita</span> <span class='ocrx_word' id='word_1_67' title='bbox 1037 1256 1074 1321; x_wconf 99' lang='lat' dir='ltr'>L.</span> <span class='ocrx_word' id='word_1_68' title='bbox 1091 1255 1324 1340; x_wconf 89' lang='lat' dir='ltr'>Apronium</span> 
     </span>
     <span class='ocr_line' id='line_1_9' title="bbox 148 1360 1324 1447; baseline -0.001 -20"><span class='ocrx_word' id='word_1_69' title='bbox 148 1362 269 1427; x_wconf 89' lang='lat' dir='ltr'>ducem</span> <span class='ocrx_word' id='word_1_70' title='bbox 302 1367 476 1426; x_wconf 90' lang='lat' dir='ltr'>strenuum</span> <span class='ocrx_word' id='word_1_71' title='bbox 508 1360 611 1426; x_wconf 83' lang='lat' dir='ltr'>fuisse</span> <span class='ocrx_word' id='word_1_72' title='bbox 646 1366 678 1426; x_wconf 91' lang='lat' dir='ltr'>et</span> <span class='ocrx_word' id='word_1_73' title='bbox 705 1366 901 1426; x_wconf 86' lang='lat' dir='ltr'>ornamenta</span> <span class='ocrx_word' id='word_1_74' title='bbox 923 1360 1139 1447; x_wconf 84' lang='lat' dir='ltr'>triumphalia</span> <span class='ocrx_word' id='word_1_75' title='bbox 1162 1360 1324 1447; x_wconf 90' lang='lat' dir='ltr'>adeptum</span> 
     </span>
     <span class='ocr_line' id='line_1_10' title="bbox 148 1465 1325 1552; baseline -0.001 -19"><span class='ocrx_word' id='word_1_76' title='bbox 148 1489 228 1547; x_wconf 90' lang='lat' dir='ltr'>esse,</span> <span class='ocrx_word' id='word_1_77' title='bbox 262 1466 353 1552; x_wconf 91' lang='lat' dir='ltr'>quod</span> <span class='ocrx_word' id='word_1_78' title='bbox 375 1467 430 1532; x_wconf 92' lang='lat' dir='ltr'>ille</span> <span class='ocrx_word' id='word_1_79' title='bbox 460 1465 571 1532; x_wconf 87' lang='lat' dir='ltr'>reddit</span> <span class='ocrx_word' id='word_1_80' title='bbox 605 1469 677 1545; x_wconf 84' lang='lat'>116,</span> <span class='ocrx_word' id='word_1_81' title='bbox 703 1469 733 1547; x_wconf 80' lang='lat'>3,</span> <span class='ocrx_word' id='word_1_82' title='bbox 758 1466 934 1532; x_wconf 88' lang='lat' dir='ltr'>confirmat</span> <span class='ocrx_word' id='word_1_83' title='bbox 955 1467 1091 1533; x_wconf 85' lang='lat' dir='ltr'>Tacitus</span> <span class='ocrx_word' id='word_1_84' title='bbox 1115 1488 1193 1532; x_wconf 84' lang='lat' dir='ltr'>ann.</span> <span class='ocrx_word' id='word_1_85' title='bbox 1217 1468 1243 1548; x_wconf 95' lang='grc' dir='ltr'>Ι,</span> <span class='ocrx_word' id='word_1_86' title='bbox 1270 1469 1325 1533; x_wconf 82' lang='grc'>72.</span> 
     </span>
     <span class='ocr_line' id='line_1_11' title="bbox 150 1571 1327 1658; baseline 0 -20"><span class='ocrx_word' id='word_1_87' title='bbox 150 1573 244 1650; x_wconf 81' lang='lat' dir='ltr'>Quae</span> <span class='ocrx_word' id='word_1_88' title='bbox 268 1573 310 1638; x_wconf 89' lang='lat' dir='ltr'>de</span> <span class='ocrx_word' id='word_1_89' title='bbox 331 1571 450 1638; x_wconf 90' lang='lat' dir='ltr'>Aelio</span> <span class='ocrx_word' id='word_1_90' title='bbox 473 1572 617 1637; x_wconf 87' lang='lat' dir='ltr'>Lamia</span> <span class='ocrx_word' id='word_1_91' title='bbox 639 1573 727 1638; x_wconf 89' lang='lat' dir='ltr'>facta</span> <span class='ocrx_word' id='word_1_92' title='bbox 751 1577 831 1638; x_wconf 92' lang='lat' dir='ltr'>sunt</span> <span class='ocrx_word' id='word_1_93' title='bbox 846 1572 948 1640; x_wconf 89' lang='lat' dir='ltr'>verba</span> <span class='ocrx_word' id='word_1_94' title='bbox 974 1576 1046 1652; x_wconf 84' lang='lat'>116,</span> <span class='ocrx_word' id='word_1_95' title='bbox 1072 1576 1101 1652; x_wconf 86' lang='lat'>3,</span> <span class='ocrx_word' id='word_1_96' title='bbox 1127 1594 1166 1638; x_wconf 92' lang='lat' dir='ltr'>ea</span> <span class='ocrx_word' id='word_1_97' title='bbox 1183 1573 1327 1658; x_wconf 72' lang='lat' dir='ltr'>proban</span> 
     </span>
     <span class='ocr_line' id='line_1_12' title="bbox 148 1677 1325 1758; baseline -0.001 -13"><span class='ocrx_word' id='word_1_98' title='bbox 148 1687 204 1745; x_wconf 91' lang='lat' dir='ltr'>tur</span> <span class='ocrx_word' id='word_1_99' title='bbox 235 1679 341 1743; x_wconf 83' lang='lat' dir='ltr'>Taciti</span> <span class='ocrx_word' id='word_1_100' title='bbox 372 1698 449 1744; x_wconf 86' lang='lat' dir='ltr'>ann.</span> <span class='ocrx_word' id='word_1_101' title='bbox 483 1677 542 1758; x_wconf 93' lang='lat' dir='ltr'>IV,</span> <span class='ocrx_word' id='word_1_102' title='bbox 571 1680 612 1745; x_wconf 89' lang='lat'>13</span> <span class='ocrx_word' id='word_1_103' title='bbox 644 1677 836 1756; x_wconf 68' lang='grc'><strong>6117121.</strong></span> <span class='ocrx_word' id='word_1_104' title='bbox 883 1678 924 1744; x_wconf 90' lang='lat' dir='ltr'>A.</span> <span class='ocrx_word' id='word_1_105' title='bbox 949 1678 1133 1744; x_wconf 90' lang='lat' dir='ltr'>Licinum</span> <span class='ocrx_word' id='word_1_106' title='bbox 1156 1679 1325 1745; x_wconf 88' lang='lat' dir='ltr'>Nervam</span> 
     </span>
     <span class='ocr_line' id='line_1_13' title="bbox 149 1783 1327 1869; baseline -0.002 -18"><span class='ocrx_word' id='word_1_107' title='bbox 149 1784 352 1851; x_wconf 85' lang='lat' dir='ltr'>Silisnum</span> <span class='ocrx_word' id='word_1_108' title='bbox 375 1783 515 1869; x_wconf 86' lang='lat' dir='ltr'>scriptor</span> <span class='ocrx_word' id='word_1_109' title='bbox 539 1784 706 1850; x_wconf 90' lang='lat' dir='ltr'>collaudat</span> <span class='ocrx_word' id='word_1_110' title='bbox 731 1786 805 1864; x_wconf 92' lang='grc'><strong>116,</strong></span> <span class='ocrx_word' id='word_1_111' title='bbox 829 1787 860 1849; x_wconf 91' lang='grc'>4.</span> <span class='ocrx_word' id='word_1_112' title='bbox 907 1785 977 1850; x_wconf 90' lang='lat' dir='ltr'>Nec</span> <span class='ocrx_word' id='word_1_113' title='bbox 999 1805 1077 1851; x_wconf 88' lang='lat' dir='ltr'>vero</span> <span class='ocrx_word' id='word_1_114' title='bbox 1099 1804 1184 1868; x_wconf 89' lang='lat' dir='ltr'>quas</span> <span class='ocrx_word' id='word_1_115' title='bbox 1206 1805 1258 1849; x_wconf 88' lang='lat' dir='ltr'>res</span> <span class='ocrx_word' id='word_1_116' title='bbox 1281 1784 1327 1849; x_wconf 90' lang='lat' dir='ltr'>ab</span> 
     </span>
     <span class='ocr_line' id='line_1_14' title="bbox 149 1889 1325 1977; baseline -0.002 -21"><span class='ocrx_word' id='word_1_117' title='bbox 149 1913 189 1956; x_wconf 90' lang='lat' dir='ltr'>eo</span> <span class='ocrx_word' id='word_1_118' title='bbox 214 1896 325 1976; x_wconf 87' lang='lat' dir='ltr'>gestas</span> <span class='ocrx_word' id='word_1_119' title='bbox 347 1889 495 1956; x_wconf 86' lang='lat' dir='ltr'>Velleius</span> <span class='ocrx_word' id='word_1_120' title='bbox 528 1891 592 1956; x_wconf 91' lang='lat' dir='ltr'>hoc</span> <span class='ocrx_word' id='word_1_121' title='bbox 623 1891 696 1956; x_wconf 93' lang='lat' dir='ltr'>loco</span> <span class='ocrx_word' id='word_1_122' title='bbox 719 1892 1001 1971; x_wconf 89' lang='lat' dir='ltr'>commemorarit,</span> <span class='ocrx_word' id='word_1_123' title='bbox 1023 1896 1133 1977; x_wconf 86' lang='lat' dir='ltr'>potest</span> <span class='ocrx_word' id='word_1_124' title='bbox 1156 1890 1325 1976; x_wconf 85' lang='lat' dir='ltr'>cognosci,</span> 
     </span>
     <span class='ocr_line' id='line_1_15' title="bbox 150 1994 1328 2084; baseline -0.001 -22"><span class='ocrx_word' id='word_1_125' title='bbox 150 1996 273 2084; x_wconf 89' lang='lat' dir='ltr'>quippe</span> <span class='ocrx_word' id='word_1_126' title='bbox 297 2017 374 2061; x_wconf 91' lang='lat' dir='ltr'>cum</span> <span class='ocrx_word' id='word_1_127' title='bbox 397 1994 490 2061; x_wconf 91' lang='lat' dir='ltr'>locus</span> <span class='ocrx_word' id='word_1_128' title='bbox 513 1995 652 2061; x_wconf 86' lang='lat' dir='ltr'>mutilus</span> <span class='ocrx_word' id='word_1_129' title='bbox 676 1996 727 2061; x_wconf 90' lang='lat' dir='ltr'>sit.</span> <span class='ocrx_word' id='word_1_130' title='bbox 783 1995 858 2074; x_wconf 84' lang='lat' dir='ltr'>Quo</span> <span class='ocrx_word' id='word_1_131' title='bbox 893 1996 934 2062; x_wconf 89' lang='grc'>(16</span> <span class='ocrx_word' id='word_1_132' title='bbox 965 1997 1037 2063; x_wconf 91' lang='lat' dir='ltr'>viro</span> <span class='ocrx_word' id='word_1_133' title='bbox 1066 1996 1123 2061; x_wconf 91' lang='lat' dir='ltr'>alii</span> <span class='ocrx_word' id='word_1_134' title='bbox 1152 1996 1328 2084; x_wconf 84' lang='lat' dir='ltr'>scriptores</span> 
     </span>
     <span class='ocr_line' id='line_1_16' title="bbox 149 2101 1328 2187; baseline 0 -20"><span class='ocrx_word' id='word_1_135' title='bbox 149 2101 235 2167; x_wconf 92' lang='lat' dir='ltr'>nihil</span> <span class='ocrx_word' id='word_1_136' title='bbox 258 2101 437 2166; x_wconf 85' lang='lat' dir='ltr'>memoriae</span> <span class='ocrx_word' id='word_1_137' title='bbox 465 2101 684 2187; x_wconf 91' lang='lat' dir='ltr'>prodiderunt</span> <span class='ocrx_word' id='word_1_138' title='bbox 716 2102 781 2167; x_wconf 91' lang='lat' dir='ltr'>nisi</span> <span class='ocrx_word' id='word_1_139' title='bbox 813 2102 985 2168; x_wconf 90' lang='lat' dir='ltr'>consulem</span> <span class='ocrx_word' id='word_1_140' title='bbox 1009 2123 1087 2169; x_wconf 91' lang='lat' dir='ltr'>eum</span> <span class='ocrx_word' id='word_1_141' title='bbox 1110 2103 1213 2168; x_wconf 88' lang='lat' dir='ltr'>fuisse</span> <span class='ocrx_word' id='word_1_142' title='bbox 1235 2123 1328 2169; x_wconf 92' lang='lat' dir='ltr'>anno</span> 
     </span>
     <span class='ocr_line' id='line_1_17' title="bbox 150 2207 835 2294; baseline 0 -20"><span class='ocrx_word' id='word_1_143' title='bbox 150 2207 835 2294; x_wconf 37' lang='lat' dir='ltr'>Qmpfflmmffimffl</span> 
     </span>
    </p>

    <p class='ocr_par' dir='ltr' id='par_1_4' title="bbox 150 2312 1333 3670">
     <span class='ocr_line' id='line_1_18' title="bbox 240 2312 1328 2399; baseline 0.001 -20"><span class='ocrx_word' id='word_1_144' title='bbox 240 2315 313 2379; x_wconf 91' lang='lat' dir='ltr'>Iam</span> <span class='ocrx_word' id='word_1_145' title='bbox 335 2312 379 2377; x_wconf 84' lang='lat' dir='ltr'>ad</span> <span class='ocrx_word' id='word_1_146' title='bbox 401 2332 441 2378; x_wconf 92' lang='lat' dir='ltr'>ea</span> <span class='ocrx_word' id='word_1_147' title='bbox 457 2313 699 2399; x_wconf 88' lang='lat' dir='ltr'>aggrediamur,</span> <span class='ocrx_word' id='word_1_148' title='bbox 720 2335 807 2399; x_wconf 90' lang='lat' dir='ltr'>quae</span> <span class='ocrx_word' id='word_1_149' title='bbox 823 2314 981 2398; x_wconf 77' lang='lat' dir='ltr'>legimtur</span> <span class='ocrx_word' id='word_1_150' title='bbox 993 2313 1078 2380; x_wconf 90' lang='lat' dir='ltr'>Vell.</span> <span class='ocrx_word' id='word_1_151' title='bbox 1091 2314 1134 2393; x_wconf 93' lang='grc' dir='ltr'>ΙΙ,</span> <span class='ocrx_word' id='word_1_152' title='bbox 1150 2316 1328 2380; x_wconf 79' lang='lat'>117-119</span> 
     </span>
     <span class='ocr_line' id='line_1_19' title="bbox 151 2419 1325 2506; baseline -0.002 -20"><span class='ocrx_word' id='word_1_153' title='bbox 151 2421 193 2486; x_wconf 83' lang='grc'>(16</span> <span class='ocrx_word' id='word_1_154' title='bbox 224 2421 260 2486; x_wconf 88' lang='lat' dir='ltr'>P.</span> <span class='ocrx_word' id='word_1_155' title='bbox 287 2420 488 2498; x_wconf 77' lang='lat' dir='ltr'>Quintilio</span> <span class='ocrx_word' id='word_1_156' title='bbox 515 2419 621 2486; x_wconf 93' lang='lat' dir='ltr'>Varo</span> <span class='ocrx_word' id='word_1_157' title='bbox 649 2421 787 2505; x_wconf 90' lang='lat' dir='ltr'>eiusque</span> <span class='ocrx_word' id='word_1_158' title='bbox 812 2420 912 2486; x_wconf 88' lang='lat' dir='ltr'>rebus</span> <span class='ocrx_word' id='word_1_159' title='bbox 937 2421 974 2485; x_wconf 92' lang='lat' dir='ltr'>in</span> <span class='ocrx_word' id='word_1_160' title='bbox 1001 2420 1180 2486; x_wconf 86' lang='lat' dir='ltr'>Germania</span> <span class='ocrx_word' id='word_1_161' title='bbox 1214 2421 1325 2506; x_wconf 89' lang='lat' dir='ltr'>gestis.</span> 
     </span>
     <span class='ocr_line' id='line_1_20' title="bbox 151 2525 1329 2612; baseline -0.002 -20"><span class='ocrx_word' id='word_1_162' title='bbox 151 2527 262 2612; x_wconf 87' lang='lat' dir='ltr'>Atque</span> <span class='ocrx_word' id='word_1_163' title='bbox 293 2527 381 2592; x_wconf 87' lang='lat' dir='ltr'>iusta</span> <span class='ocrx_word' id='word_1_164' title='bbox 415 2547 454 2591; x_wconf 91' lang='lat' dir='ltr'>ac</span> <span class='ocrx_word' id='word_1_165' title='bbox 487 2547 566 2593; x_wconf 86' lang='lat' dir='ltr'>vera</span> <span class='ocrx_word' id='word_1_166' title='bbox 601 2547 671 2592; x_wconf 89' lang='lat' dir='ltr'>esse</span> <span class='ocrx_word' id='word_1_167' title='bbox 705 2526 812 2593; x_wconf 91' lang='lat' dir='ltr'>Vellei</span> <span class='ocrx_word' id='word_1_168' title='bbox 845 2526 946 2593; x_wconf 88' lang='lat' dir='ltr'>verba</span> <span class='ocrx_word' id='word_1_169' title='bbox 969 2526 1136 2603; x_wconf 91' lang='lat' dir='ltr'>videmus;</span> <span class='ocrx_word' id='word_1_170' title='bbox 1170 2546 1250 2591; x_wconf 91' lang='lat' dir='ltr'>nam</span> <span class='ocrx_word' id='word_1_171' title='bbox 1274 2525 1329 2590; x_wconf 81' lang='lat' dir='ltr'>de</span> 
     </span>
     <span class='ocr_line' id='line_1_21' title="bbox 150 2629 1328 2719; baseline -0.003 -21"><span class='ocrx_word' id='word_1_172' title='bbox 150 2634 307 2698; x_wconf 88' lang='lat' dir='ltr'>trimenta</span> <span class='ocrx_word' id='word_1_173' title='bbox 322 2631 493 2697; x_wconf 90' lang='lat' dir='ltr'>Romanos</span> <span class='ocrx_word' id='word_1_174' title='bbox 516 2638 591 2698; x_wconf 88' lang='lat' dir='ltr'>tum</span> <span class='ocrx_word' id='word_1_175' title='bbox 614 2632 738 2719; x_wconf 87' lang='lat' dir='ltr'>cepisse</span> <span class='ocrx_word' id='word_1_176' title='bbox 761 2653 884 2717; x_wconf 90' lang='lat' dir='ltr'>magna</span> <span class='ocrx_word' id='word_1_177' title='bbox 909 2629 996 2718; x_wconf 79' lang='lat'>(117,</span> <span class='ocrx_word' id='word_1_178' title='bbox 1024 2634 1057 2711; x_wconf 93' lang='lat'>1;</span> <span class='ocrx_word' id='word_1_179' title='bbox 1085 2634 1158 2712; x_wconf 88' lang='grc'>119,</span> <span class='ocrx_word' id='word_1_180' title='bbox 1186 2629 1216 2716; x_wconf 86' lang='grc'>1)</span> <span class='ocrx_word' id='word_1_181' title='bbox 1240 2652 1328 2696; x_wconf 90' lang='lat' dir='ltr'>com—</span> 
     </span>
     <span class='ocr_line' id='line_1_22' title="bbox 151 2736 1327 2825; baseline 0 -23"><span class='ocrx_word' id='word_1_182' title='bbox 151 2738 296 2825; x_wconf 88' lang='lat' dir='ltr'>probant</span> <span class='ocrx_word' id='word_1_183' title='bbox 328 2737 507 2804; x_wconf 83' lang='lat' dir='ltr'>Suetonius</span> <span class='ocrx_word' id='word_1_184' title='bbox 548 2736 645 2824; x_wconf 87' lang='lat' dir='ltr'>(Aug.</span> <span class='ocrx_word' id='word_1_185' title='bbox 681 2740 737 2817; x_wconf 83' lang='lat'>23;</span> <span class='ocrx_word' id='word_1_186' title='bbox 775 2737 848 2807; x_wconf 78' lang='lat' dir='ltr'>Tib.</span> <span class='ocrx_word' id='word_1_187' title='bbox 883 2736 935 2824; x_wconf 75' lang='lat'>17)</span> <span class='ocrx_word' id='word_1_188' title='bbox 977 2745 1010 2804; x_wconf 87' lang='lat' dir='ltr'>et</span> <span class='ocrx_word' id='word_1_189' title='bbox 1050 2738 1114 2803; x_wconf 93' lang='lat' dir='ltr'>Dio</span> <span class='ocrx_word' id='word_1_190' title='bbox 1156 2737 1220 2824; x_wconf 83' lang='lat'>(56,</span> <span class='ocrx_word' id='word_1_191' title='bbox 1254 2736 1327 2824; x_wconf 80' lang='lat'><strong>23);</strong></span> 
     </span>
     <span class='ocr_line' id='line_1_23' title="bbox 152 2842 1328 2930; baseline -0.001 -21"><span class='ocrx_word' id='word_1_192' title='bbox 152 2842 402 2930; x_wconf 85' lang='lat' dir='ltr'>praeferendam</span> <span class='ocrx_word' id='word_1_193' title='bbox 445 2849 559 2910; x_wconf 89' lang='lat' dir='ltr'>autem</span> <span class='ocrx_word' id='word_1_194' title='bbox 597 2865 668 2910; x_wconf 89' lang='lat' dir='ltr'>esse</span> <span class='ocrx_word' id='word_1_195' title='bbox 710 2844 901 2911; x_wconf 88' lang='lat' dir='ltr'>universam</span> <span class='ocrx_word' id='word_1_196' title='bbox 939 2845 1028 2910; x_wconf 92' lang='lat' dir='ltr'>illius</span> <span class='ocrx_word' id='word_1_197' title='bbox 1072 2845 1328 2930; x_wconf 89' lang='lat' dir='ltr'>descriptionem</span> 
     </span>
     <span class='ocr_line' id='line_1_24' title="bbox 153 2948 1328 3037; baseline 0.001 -23"><span class='ocrx_word' id='word_1_198' title='bbox 153 2949 253 3015; x_wconf 89' lang='lat' dir='ltr'>Dioni</span> <span class='ocrx_word' id='word_1_199' title='bbox 277 2948 494 3016; x_wconf 86' lang='lat' dir='ltr'>ostenderunt</span> <span class='ocrx_word' id='word_1_200' title='bbox 526 2951 644 3016; x_wconf 86' lang='lat' dir='ltr'>Ranke</span> <span class='ocrx_word' id='word_1_201' title='bbox 675 2951 734 3031; x_wconf 90' lang='lat' dir='ltr'>HI,</span> <span class='ocrx_word' id='word_1_202' title='bbox 765 2973 798 3037; x_wconf 93' lang='lat' dir='ltr'>p.</span> <span class='ocrx_word' id='word_1_203' title='bbox 824 2952 954 3016; x_wconf 79' lang='lat'><strong>25-27</strong></span> <span class='ocrx_word' id='word_1_204' title='bbox 988 2957 1021 3016; x_wconf 90' lang='grc'>61</span> <span class='ocrx_word' id='word_1_205' title='bbox 1042 2951 1193 3036; x_wconf 90' lang='lat' dir='ltr'>Helbing</span> <span class='ocrx_word' id='word_1_206' title='bbox 1215 2973 1247 3036; x_wconf 91' lang='lat' dir='ltr'>p.</span> <span class='ocrx_word' id='word_1_207' title='bbox 1274 2951 1328 3015; x_wconf 78' lang='grc'>77.</span> 
     </span>
     <span class='ocr_line' id='line_1_25' title="bbox 154 3056 1328 3145; baseline 0 -25"><span class='ocrx_word' id='word_1_208' title='bbox 154 3056 270 3141; x_wconf 88' lang='lat' dir='ltr'>Neque</span> <span class='ocrx_word' id='word_1_209' title='bbox 292 3056 408 3140; x_wconf 93' lang='lat' dir='ltr'>inique</span> <span class='ocrx_word' id='word_1_210' title='bbox 431 3057 569 3142; x_wconf 89' lang='lat' dir='ltr'>scriptor</span> <span class='ocrx_word' id='word_1_211' title='bbox 583 3056 713 3122; x_wconf 91' lang='lat' dir='ltr'>Varum</span> <span class='ocrx_word' id='word_1_212' title='bbox 732 3056 921 3145; x_wconf 89' lang='lat' dir='ltr'>obiurgavit</span> <span class='ocrx_word' id='word_1_213' title='bbox 938 3058 1011 3135; x_wconf 81' lang='grc'><strong>117,</strong></span> <span class='ocrx_word' id='word_1_214' title='bbox 1037 3058 1125 3121; x_wconf 84' lang='grc'>2-4</span> <span class='ocrx_word' id='word_1_215' title='bbox 1148 3056 1270 3135; x_wconf 79' lang='grc'><strong>61120,</strong></span> <span class='ocrx_word' id='word_1_216' title='bbox 1288 3056 1328 3143; x_wconf 58' lang='grc' dir='ltr'>ἔκ</span> 
     </span>
     <span class='ocr_line' id='line_1_26' title="bbox 155 3161 1332 3247; baseline -0.002 -20"><span class='ocrx_word' id='word_1_217' title='bbox 155 3162 278 3227; x_wconf 90' lang='lat' dir='ltr'>etenim</span> <span class='ocrx_word' id='word_1_218' title='bbox 312 3169 350 3226; x_wconf 90' lang='lat' dir='ltr'>ut</span> <span class='ocrx_word' id='word_1_219' title='bbox 373 3161 500 3228; x_wconf 90' lang='lat' dir='ltr'>cladem</span> <span class='ocrx_word' id='word_1_220' title='bbox 524 3161 708 3228; x_wconf 88' lang='lat' dir='ltr'>Varianam</span> <span class='ocrx_word' id='word_1_221' title='bbox 747 3166 940 3229; x_wconf 77' lang='lat' dir='ltr'>«temeritate</span> <span class='ocrx_word' id='word_1_222' title='bbox 963 3185 1000 3229; x_wconf 88' lang='lat' dir='ltr'>ac</span> <span class='ocrx_word' id='word_1_223' title='bbox 1022 3164 1215 3247; x_wconf 71' lang='lat' dir='ltr'>nqqlepcntio</span> <span class='ocrx_word' id='word_1_224' title='bbox 1238 3162 1332 3226; x_wconf 75' lang='lat' dir='ltr'>ducis</span> 
     </span>
     <span class='ocr_line' id='line_1_27' title="bbox 155 3265 1331 3353; baseline -0.001 -20"><span class='ocrx_word' id='word_1_225' title='bbox 155 3270 325 3334; x_wconf 78' lang='lat' dir='ltr'>occidisse»</span> <span class='ocrx_word' id='word_1_226' title='bbox 352 3267 555 3353; x_wconf 91' lang='lat' dir='ltr'>intellegitur</span> <span class='ocrx_word' id='word_1_227' title='bbox 578 3289 620 3333; x_wconf 85' lang='lat' dir='ltr'>ex</span> <span class='ocrx_word' id='word_1_228' title='bbox 635 3267 774 3335; x_wconf 78' lang='lat' dir='ltr'>Suetoni</span> <span class='ocrx_word' id='word_1_229' title='bbox 797 3268 905 3335; x_wconf 90' lang='lat' dir='ltr'>verbis</span> <span class='ocrx_word' id='word_1_230' title='bbox 929 3268 1001 3334; x_wconf 86' lang='lat' dir='ltr'>Tib.</span> <span class='ocrx_word' id='word_1_231' title='bbox 1029 3270 1080 3347; x_wconf 88' lang='lat'>18,</span> <span class='ocrx_word' id='word_1_232' title='bbox 1104 3268 1151 3332; x_wconf 91' lang='lat' dir='ltr'>ita</span> <span class='ocrx_word' id='word_1_233' title='bbox 1168 3265 1331 3353; x_wconf 84' lang='lat' dir='ltr'>pecuniae</span> 
     </span>
     <span class='ocr_line' id='line_1_28' title="bbox 156 3372 1331 3458; baseline 0 -21"><span class='ocrx_word' id='word_1_234' title='bbox 156 3393 233 3438; x_wconf 91' lang='lat' dir='ltr'>eum</span> <span class='ocrx_word' id='word_1_235' title='bbox 257 3372 395 3439; x_wconf 89' lang='lat' dir='ltr'>avidum</span> <span class='ocrx_word' id='word_1_236' title='bbox 414 3373 527 3452; x_wconf 87' lang='lat' dir='ltr'>fuisse,</span> <span class='ocrx_word' id='word_1_237' title='bbox 551 3393 759 3458; x_wconf 89' lang='lat' dir='ltr'>quamquam</span> <span class='ocrx_word' id='word_1_238' title='bbox 776 3394 843 3458; x_wconf 93' lang='lat' dir='ltr'>quo</span> <span class='ocrx_word' id='word_1_239' title='bbox 859 3373 959 3439; x_wconf 93' lang='lat' dir='ltr'>modo</span> <span class='ocrx_word' id='word_1_240' title='bbox 975 3373 1105 3458; x_wconf 83' lang='lat' dir='ltr'>Syriam</span> <span class='ocrx_word' id='word_1_241' title='bbox 1121 3372 1331 3441; x_wconf 85' lang='lat' dir='ltr'>administra·</span> 
     </span>
     <span class='ocr_line' id='line_1_29' title="bbox 156 3478 1333 3626; baseline -0.003 -80"><span class='ocrx_word' id='word_1_242' title='bbox 156 3479 247 3557; x_wconf 87' lang='lat' dir='ltr'>verit,</span> <span class='ocrx_word' id='word_1_243' title='bbox 272 3485 400 3564; x_wconf 88' lang='lat' dir='ltr'>praeter</span> <span class='ocrx_word' id='word_1_244' title='bbox 422 3478 589 3545; x_wconf 92' lang='lat' dir='ltr'>Velleium</span> <span class='ocrx_word' id='word_1_245' title='bbox 612 3499 712 3544; x_wconf 90' lang='lat' dir='ltr'>nemo</span> <span class='ocrx_word' id='word_1_246' title='bbox 742 3501 804 3545; x_wconf 91' lang='lat' dir='ltr'>nos</span> <span class='ocrx_word' id='word_1_247' title='bbox 828 3478 932 3558; x_wconf 89' lang='lat' dir='ltr'>docet,</span> <span class='ocrx_word' id='word_1_248' title='bbox 958 3485 1072 3545; x_wconf 86' lang='lat' dir='ltr'>tamen</span> <span class='ocrx_word' id='word_1_249' title='bbox 1094 3500 1137 3544; x_wconf 87' lang='lat' dir='ltr'>ex</span> <span class='ocrx_word' id='word_1_250' title='bbox 1158 3479 1199 3544; x_wconf 94' lang='lat' dir='ltr'>iis</span> <span class='ocrx_word' id='word_1_251' title='bbox 1221 3485 1333 3626; x_wconf 87' lang='lat' dir='ltr'>potest</span> 
     </span>
     <span class='ocr_line' id='line_1_30' title="bbox 156 3584 794 3670; baseline 0 -20"><span class='ocrx_word' id='word_1_252' title='bbox 156 3585 318 3670; x_wconf 89' lang='lat' dir='ltr'>cognosci,</span> <span class='ocrx_word' id='word_1_253' title='bbox 343 3604 430 3669; x_wconf 90' lang='lat' dir='ltr'>quae</span> <span class='ocrx_word' id='word_1_254' title='bbox 453 3590 567 3650; x_wconf 86' lang='lat' dir='ltr'>narrat</span> <span class='ocrx_word' id='word_1_255' title='bbox 588 3584 652 3649; x_wconf 94' lang='lat' dir='ltr'>Dio</span> <span class='ocrx_word' id='word_1_256' title='bbox 675 3587 794 3664; x_wconf 82' lang='lat'>56,18.</span> 
     </span>
    </p>

    <p class='ocr_par' dir='ltr' id='par_1_5' title="bbox 155 3688 1333 4092">
     <span class='ocr_line' id='line_1_31' title="bbox 244 3688 1330 3777; baseline -0.002 -21"><span class='ocrx_word' id='word_1_257' title='bbox 244 3690 345 3756; x_wconf 90' lang='lat' dir='ltr'>Porro</span> <span class='ocrx_word' id='word_1_258' title='bbox 383 3689 531 3756; x_wconf 91' lang='lat' dir='ltr'>Velleius</span> <span class='ocrx_word' id='word_1_259' title='bbox 575 3692 648 3770; x_wconf 88' lang='grc'><strong>119,</strong></span> <span class='ocrx_word' id='word_1_260' title='bbox 686 3694 709 3754; x_wconf 91' lang='grc'>4</span> <span class='ocrx_word' id='word_1_261' title='bbox 749 3691 787 3756; x_wconf 92' lang='lat' dir='ltr'>L.</span> <span class='ocrx_word' id='word_1_262' title='bbox 821 3690 850 3756; x_wconf 83' lang='lat' dir='ltr'>E</span> <span class='ocrx_word' id='word_1_263' title='bbox 856 3711 990 3777; x_wconf 90' lang='lat' dir='ltr'>ggrum</span> <span class='ocrx_word' id='word_1_264' title='bbox 1030 3689 1125 3756; x_wconf 86' lang='lat' dir='ltr'>effert</span> <span class='ocrx_word' id='word_1_265' title='bbox 1161 3688 1330 3768; x_wconf 88' lang='lat' dir='ltr'>laudibus,</span> 
     </span>
     <span class='ocr_line' id='line_1_32' title="bbox 157 3793 1332 3881; baseline -0.003 -20"><span class='ocrx_word' id='word_1_266' title='bbox 157 3794 293 3862; x_wconf 82' lang='lat' dir='ltr'>Ceioni</span> <span class='ocrx_word' id='word_1_267' title='bbox 317 3803 430 3862; x_wconf 87' lang='lat' dir='ltr'>autem</span> <span class='ocrx_word' id='word_1_268' title='bbox 454 3802 488 3862; x_wconf 91' lang='lat' dir='ltr'>et</span> <span class='ocrx_word' id='word_1_269' title='bbox 510 3795 634 3862; x_wconf 87' lang='lat' dir='ltr'>Valae</span> <span class='ocrx_word' id='word_1_270' title='bbox 649 3797 842 3861; x_wconf 89' lang='lat' dir='ltr'>Numonii</span> <span class='ocrx_word' id='word_1_271' title='bbox 857 3796 1029 3881; x_wconf 88' lang='lat' dir='ltr'>increpat</span> <span class='ocrx_word' id='word_1_272' title='bbox 1020 3794 1199 3881; x_wconf 86' lang='lat' dir='ltr'>rgnaviam.</span> <span class='ocrx_word' id='word_1_273' title='bbox 1236 3793 1332 3871; x_wconf 77' lang='lat' dir='ltr'>Quae</span> 
     </span>
     <span class='ocr_line' id='line_1_33' title="bbox 156 3899 1333 3986; baseline -0.002 -20"><span class='ocrx_word' id='word_1_274' title='bbox 156 3922 224 3986; x_wconf 93' lang='lat' dir='ltr'>quo</span> <span class='ocrx_word' id='word_1_275' title='bbox 246 3903 318 3967; x_wconf 93' lang='lat' dir='ltr'>iure</span> <span class='ocrx_word' id='word_1_276' title='bbox 340 3902 461 3981; x_wconf 86' lang='lat' dir='ltr'>fecerit,</span> <span class='ocrx_word' id='word_1_277' title='bbox 487 3901 672 3966; x_wconf 82' lang='lat' dir='ltr'>examinari</span> <span class='ocrx_word' id='word_1_278' title='bbox 694 3921 763 3966; x_wconf 90' lang='lat' dir='ltr'>non</span> <span class='ocrx_word' id='word_1_279' title='bbox 786 3906 903 3986; x_wconf 88' lang='lat' dir='ltr'>potest,</span> <span class='ocrx_word' id='word_1_280' title='bbox 929 3901 1009 3985; x_wconf 91' lang='lat' dir='ltr'>quia</span> <span class='ocrx_word' id='word_1_281' title='bbox 1026 3900 1112 3966; x_wconf 90' lang='lat' dir='ltr'>alius</span> <span class='ocrx_word' id='word_1_282' title='bbox 1129 3900 1267 3985; x_wconf 90' lang='lat' dir='ltr'>scriptor</span> <span class='ocrx_word' id='word_1_283' title='bbox 1289 3899 1333 3964; x_wconf 91' lang='grc'>(16</span> 
     </span>
     <span class='ocr_line' id='line_1_34' title="bbox 155 4005 1173 4092; baseline 0 -21"><span class='ocrx_word' id='word_1_284' title='bbox 155 4006 209 4072; x_wconf 92' lang='lat' dir='ltr'>his</span> <span class='ocrx_word' id='word_1_285' title='bbox 231 4009 310 4076; x_wconf 86' lang='lat' dir='ltr'>viris</span> <span class='ocrx_word' id='word_1_286' title='bbox 332 4007 418 4072; x_wconf 89' lang='lat' dir='ltr'>nihil</span> <span class='ocrx_word' id='word_1_287' title='bbox 441 4007 620 4073; x_wconf 91' lang='lat' dir='ltr'>memoriae</span> <span class='ocrx_word' id='word_1_288' title='bbox 642 4005 796 4092; x_wconf 91' lang='lat' dir='ltr'>prodidit.</span> <span class='ocrx_word' id='word_1_289' title='bbox 1170 4059 1173 4064; x_wconf 95' lang='lat'><strong>.</strong></span> 
     </span>
    </p>

    <p class='ocr_par' dir='ltr' id='par_1_6' title="bbox 154 4110 1333 4515">
     <span class='ocr_line' id='line_1_35' title="bbox 245 4110 1331 4198; baseline -0.004 -20"><span class='ocrx_word' id='word_1_290' title='bbox 245 4113 282 4179; x_wconf 88' lang='lat' dir='ltr'>L.</span> <span class='ocrx_word' id='word_1_291' title='bbox 306 4113 409 4178; x_wconf 90' lang='lat' dir='ltr'>Noni</span> <span class='ocrx_word' id='word_1_292' title='bbox 431 4112 664 4198; x_wconf 87' lang='lat' dir='ltr'>Asprenatis</span> <span class='ocrx_word' id='word_1_293' title='bbox 697 4112 855 4179; x_wconf 85' lang='lat' dir='ltr'>virtutem</span> <span class='ocrx_word' id='word_1_294' title='bbox 887 4110 1025 4196; x_wconf 85' lang='lat' dir='ltr'>dignam</span> <span class='ocrx_word' id='word_1_295' title='bbox 1048 4131 1128 4191; x_wconf 88' lang='lat' dir='ltr'>esse,</span> <span class='ocrx_word' id='word_1_296' title='bbox 1153 4131 1240 4196; x_wconf 86' lang='lat' dir='ltr'>quae</span> <span class='ocrx_word' id='word_1_297' title='bbox 1263 4110 1331 4175; x_wconf 88' lang='lat' dir='ltr'>lau·</span> 
     </span>
     <span class='ocr_line' id='line_1_36' title="bbox 157 4216 1333 4304; baseline -0.003 -21"><span class='ocrx_word' id='word_1_298' title='bbox 157 4217 254 4284; x_wconf 90' lang='lat' dir='ltr'>detur</span> <span class='ocrx_word' id='word_1_299' title='bbox 275 4239 296 4284; x_wconf 91' lang='lat' dir='ltr'>a</span> <span class='ocrx_word' id='word_1_300' title='bbox 319 4218 447 4285; x_wconf 88' lang='lat' dir='ltr'>Velleio</span> <span class='ocrx_word' id='word_1_301' title='bbox 472 4219 544 4298; x_wconf 84' lang='lat'>120,</span> <span class='ocrx_word' id='word_1_302' title='bbox 569 4220 599 4297; x_wconf 85' lang='lat'>3,</span> <span class='ocrx_word' id='word_1_303' title='bbox 633 4223 726 4304; x_wconf 88' lang='lat' dir='ltr'>patet</span> <span class='ocrx_word' id='word_1_304' title='bbox 756 4239 797 4282; x_wconf 86' lang='lat' dir='ltr'>ex</span> <span class='ocrx_word' id='word_1_305' title='bbox 829 4216 946 4282; x_wconf 92' lang='lat' dir='ltr'>Dionis</span> <span class='ocrx_word' id='word_1_306' title='bbox 978 4218 1031 4296; x_wconf 84' lang='lat'>56,</span> <span class='ocrx_word' id='word_1_307' title='bbox 1056 4219 1114 4295; x_wconf 78' lang='lat'>32;</span> <span class='ocrx_word' id='word_1_308' title='bbox 1147 4216 1333 4283; x_wconf 88' lang='lat' dir='ltr'>moveritne</span> 
     </span>
     <span class='ocr_line' id='line_1_37' title="bbox 156 4319 1331 4410; baseline -0.005 -20"><span class='ocrx_word' id='word_1_309' title='bbox 156 4331 271 4390; x_wconf 90' lang='lat' dir='ltr'>autem</span> <span class='ocrx_word' id='word_1_310' title='bbox 292 4325 365 4391; x_wconf 92' lang='lat' dir='ltr'>iure</span> <span class='ocrx_word' id='word_1_311' title='bbox 388 4324 526 4410; x_wconf 89' lang='lat' dir='ltr'>scriptor</span> <span class='ocrx_word' id='word_1_312' title='bbox 552 4344 628 4390; x_wconf 88' lang='lat' dir='ltr'>eam</span> <span class='ocrx_word' id='word_1_313' title='bbox 649 4343 752 4409; x_wconf 90' lang='lat' dir='ltr'>quam</span> <span class='ocrx_word' id='word_1_314' title='bbox 777 4328 1015 4388; x_wconf 88' lang='lat' dir='ltr'>commemorat</span> <span class='ocrx_word' id='word_1_315' title='bbox 1037 4321 1270 4407; x_wconf 88' lang='lat' dir='ltr'>suspicionem,</span> <span class='ocrx_word' id='word_1_316' title='bbox 1294 4319 1331 4384; x_wconf 92' lang='lat' dir='ltr'>in</span> 
     </span>
     <span class='ocr_line' id='line_1_38' title="bbox 154 4425 1330 4515; baseline -0.005 -19"><span class='ocrx_word' id='word_1_317' title='bbox 154 4431 282 4497; x_wconf 89' lang='lat' dir='ltr'>incerto</span> <span class='ocrx_word' id='word_1_318' title='bbox 317 4430 577 4515; x_wconf 88' lang='lat' dir='ltr'>relinquendum</span> <span class='ocrx_word' id='word_1_319' title='bbox 610 4436 667 4509; x_wconf 89' lang='lat' dir='ltr'>est,</span> <span class='ocrx_word' id='word_1_320' title='bbox 702 4429 826 4515; x_wconf 92' lang='lat' dir='ltr'>quippe</span> <span class='ocrx_word' id='word_1_321' title='bbox 848 4449 927 4494; x_wconf 93' lang='lat' dir='ltr'>cum</span> <span class='ocrx_word' id='word_1_322' title='bbox 950 4428 993 4494; x_wconf 89' lang='lat' dir='ltr'>ab</span> <span class='ocrx_word' id='word_1_323' title='bbox 1016 4428 1089 4494; x_wconf 88' lang='lat' dir='ltr'>aliis</span> <span class='ocrx_word' id='word_1_324' title='bbox 1113 4425 1330 4512; x_wconf 90' lang='lat' dir='ltr'>scriptoribus</span> 
     </span>
    </p>
   </div>
   <div class='ocr_carea' id='block_1_4' title="bbox 0 0 1560 5050">
    <p class='ocr_par' dir='ltr' id='par_1_7' title="bbox 0 0 1560 5050">
     <span class='ocr_line' id='line_1_39' title="bbox 0 0 1560 5050; baseline 0 0"><span class='ocrx_word' id='word_1_325' title='bbox 0 0 1560 5050; x_wconf 95' lang='lat' dir='ltr'> </span> 
     </span>
    </p>
   </div>
  </div>
 </body>
</html>
