3084 5050
629 425 851 490 *61-

150 620 350 699 referuntur,
380 618 595 698 considerem,
620 617 749 697 deinde,
774 615 918 702 quaeda
940 617 1052 682 labore
1067 637 1233 702 operaque
1251 639 1327 684 ocn-

151 725 347 810 sumptisin
362 724 547 811 republica
569 723 843 802 administranda,
868 728 951 803 tum,
976 744 1063 808 quae
1086 723 1127 788 de
1154 727 1324 790 «uirtutum

150 834 398 898 aestimatione».

240 937 357 1022 Neque
379 936 458 1002 ficta
480 942 560 1002 sunt
576 957 622 1016 ea,
648 957 734 1023 quae
755 935 797 1001 de
812 935 924 1001 Seiani
938 935 1045 1001 forma
1067 940 1169 1020 atque
1191 936 1326 1022 ingenio

150 1042 299 1108 Velleius
322 1041 493 1128 praedicat
524 1041 611 1128 (127,
637 1039 749 1127 3-4);
784 1041 1024 1107 confirmantur
1055 1042 1144 1106 onim
1169 1062 1189 1106 a
1210 1042 1327 1108 Tacito

150 1147 240 1236 (ann.
265 1149 324 1229 IV,
352 1148 391 1236 1),
425 1149 580 1234 quamvis
610 1150 713 1216 huius
744 1148 845 1214 verba
873 1155 974 1234 atque
997 1147 1086 1214 illius
1110 1149 1217 1234 specie
1239 1148 1327 1214 inter

151 1276 279 1320 senon
302 1261 498 1341 congruant.
545 1255 643 1332 Quod
677 1261 717 1320 ut
745 1255 918 1333 illustrem,
953 1255 1127 1339 utriusque
1149 1253 1251 1321 verba
1273 1275 1327 1318 cx·
1376 1249 1381 1260 '

151 1360 308 1426 scribam:

280 1465 377 1554 (Veli.
403 1470 476 1548 127,
501 1465 600 1553 3-4)
892 1467 980 1554 (Tac.
1005 1488 1084 1533 ann.
1108 1467 1167 1547 IV,
1195 1464 1224 1552 1)

198 1577 322 1655 «ipsum
345 1597 416 1640 aero
438 1572 519 1659 (scil.
540 1573 710 1659 Seianum)
812 1594 946 1655 «corpus
974 1571 1051 1659 (scil.
1084 1570 1214 1659 Seiano)
1242 1574 1327 1639 tabo-

149 1680 266 1744 laboris
289 1701 326 1745 ac
353 1681 431 1762 nau
458 1683 732 1762 capacissimum,
763 1702 837 1745 rum
868 1681 1013 1759 tolerans,
1047 1683 1191 1746 animum
1223 1681 1327 1745 auda-

148 1787 324 1868 suftieiente
351 1789 445 1852 etiam
474 1789 575 1870 aipori
609 1789 711 1851 animi
763 1809 850 1852 cem.
874 1839 879 1850 .
900 1813 926 1852 .>›
955 1807 957 1812 ’

149 1913 293 1976 campane
309 1894 448 1974 corporis
465 1943 471 1958 .
491 1944 496 1955 .
517 1943 523 1955 .
543 1894 649 1957 airum
663 1914 710 1957 se·
811 1893 968 1960 «Seianus
1001 1881 1062 1958 sui
1088 1893 1245 1975 obtepens,
1287 1894 1322 1956 in

148 2001 291 2065 ueritatis
314 1999 511 2076 laetissimae,
535 1999 710 2063 hilaritatis
762 2001 841 2066 ulios
857 2001 1057 2079 criminatam·
1071 2000 1165 2064 iunta
1180 1998 1324 2064 adulatio
1453 2027 1454 2034 ¹

142 2108 280 2185 priscae,
298 2112 371 2170 actu
389 2105 496 2170 otiosis
511 2106 708 2170 simillimum
762 2113 791 2170 et
813 2107 971 2187 superbia,
998 2107 1112 2186 palam
1136 2106 1325 2184 compositus

147 2212 229 2276 nitri
266 2212 328 2276 sibi
369 2212 581 2276 uindicantem
616 2209 708 2292 eoque
755 2214 880 2294 pudor,
930 2214 1017 2276 intus
1053 2231 1178 2275 summa
1216 2211 1323 2291 adipi·

147 2318 367 2399 adsequentem
389 2319 504 2394 onmia,
527 2337 708 2398 semperque
760 2320 868 2384 scendi
915 2317 1020 2395 libido,
1063 2318 1191 2397 eiusque
1224 2336 1321 2380 causa

147 2423 237 2503 iufra
260 2423 398 2488 aliorum
421 2423 652 2487 aestimationes
675 2442 707 2486 se
760 2426 850 2489 mado
865 2423 992 2506 taupitio
1008 2428 1037 2487 et
1058 2423 1162 2499 tuscus,
1186 2424 1315 2503 saepius

146 2530 329 2607 metientem,
359 2530 448 2593 vultu
471 2530 597 2610 uitaque
619 2535 707 2593 tran·
760 2531 925 2596 industria
959 2548 996 2593 ac
1021 2529 1198 2610 cipitantia,
1232 2528 1322 2592 nauci

145 2635 287 2715 quitum,
312 2636 417 2700 animo
440 2656 645 2700 exsomnem».
760 2636 1000 2713 minusnoniae,
1018 2635 1158 2715 quatinus
1167 2635 1321 2713 parando

545 2743 547 2746 ’
761 2762 854 2824 reque
876 2743 1074 2824 finpuntum.

234 2844 463 2930 Discrepantia
484 2845 586 2930 igitur
609 2852 701 2911 extat
722 2847 809 2912 inter
824 2846 977 2912 Tacitum
1002 2852 1035 2911 et
1057 2842 1225 2909 Velleium
1249 2864 1320 2908 non

144 2971 255 3014 rorum
287 2950 345 3016 sed
376 2950 553 3018 verborum
583 2958 616 3016 et
637 2951 847 3018 iudiciorum.
895 2950 994 3029 Quod
1017 2950 1142 3014 mirum
1165 2969 1235 3013 non
1257 2956 1315 3014 est.

144 3056 298 3141 Namque
320 3056 376 3121 hic
399 3056 557 3122 Seianum
582 3056 740 3143 depinxit,
765 3057 874 3142 qualis
896 3056 1030 3143 publice
1053 3051 1319 3140 conspiciebatur

145 3181 251 3245 usque
273 3159 316 3225 ad
339 3182 469 3227 annum
490 3162 785 3228 undetricesimum
801 3185 833 3248 p.
852 3162 927 3228 (thr.
952 3184 997 3243 n,
1022 3182 1131 3246 neque
1152 3160 1313 3239 Drusum,

144 3265 266 3331 Tiberii
297 3267 413 3347 filium,
445 3268 488 3333 ab
524 3291 562 3335 eo
596 3291 726 3335 veneno
762 3269 907 3335 occisum
939 3290 1010 3334 csse
1035 3265 1191 3352 cognovit
1213 3263 1315 3351 (Suet.

144 3371 215 3437 Tib.
241 3375 297 3449 62;
324 3373 401 3439 Tac.
426 3395 506 3440 ann.
530 3374 589 3454 IV,
616 3377 650 3454 8;
675 3375 738 3441 Dio
762 3378 815 3456 57,
840 3377 899 3454 223
924 3377 976 3441 58.
1000 3371 1051 3460 11)
1074 3393 1184 3457 neque
1199 3371 1317 3457 Agrip·

143 3477 267 3562 pinam,
293 3498 431 3544 uxorem
456 3479 656 3560 Germanici,
682 3482 820 3566 eiusque
842 3481 928 3546 filios
959 3482 996 3545 in
1029 3479 1201 3546 Tiberium
1221 3477 1315 3543 ,inci-

143 3589 237 3662 tatos,
262 3589 301 3649 ut
322 3585 387 3670 ipsi
410 3606 445 3650 se
467 3585 642 3670 perderent
665 3585 765 3672 (Suet.
790 3586 862 3652 Tib.
888 3588 941 3652 55.
966 3589 1023 3665 61;
1048 3587 1125 3651 Tac.
1150 3605 1228 3650 ann.
1252 3582 1313 3663 IV,

143 3690 195 3758 54.
220 3692 263 3757 59
273 3688 366 3777 sqq).
413 3693 473 3758 Ille
509 3702 620 3760 autem
654 3694 834 3780 imaginem
867 3694 979 3760 Seiani
1007 3693 1171 3780 depinxit,
1205 3696 1315 3781 qualis

142 3802 211 3861 crat
241 3817 349 3882 usque
379 3797 421 3862 ad
450 3798 624 3864 interitum
654 3797 755 3885 (anno
777 3800 944 3865 tricesimo
974 3800 1082 3885 primo
1108 3822 1140 3885 p.
1166 3801 1242 3868 Chr.
1267 3801 1316 3890 n.)

141 3900 193 3968 vel
223 3900 332 3967 dicam
362 3902 471 3988 qualis
502 3910 579 3990 post
611 3910 755 3970 mortem
785 3905 930 3970 inhaesit
965 3907 1144 3972 memoriae
1173 3908 1313 3987 civium,

141 4028 220 4072 nam
255 4014 288 4072 et
318 4008 467 4073 Drusum
499 4009 543 4075 ab
575 4031 613 4075 eo
643 4011 854 4076 interfectum
878 4017 911 4076 et
932 4012 1153 4099 Agrippinam
1176 4015 1314 4100 eiusque

140 4112 225 4178 filios
253 4114 468 4180 conturbatos
496 4137 566 4182 esse
590 4122 796 4202 compertum
819 4117 952 4197 habuit;
976 4127 1144 4204 praeterea
1166 4120 1220 4186 vel
1241 4121 1314 4206 ipsc

140 4218 215 4284 odio
254 4220 334 4284 arsit
364 4219 484 4300 Seiani,
524 4222 671 4288 hominis
703 4222 784 4290 novi
818 4221 870 4309 (ci.
907 4243 985 4288 ann.
1009 4224 1068 4301 III,
1100 4226 1156 4302 29;
1192 4226 1253 4305 IV,
1290 4229 1312 4292 3

142 4326 350 4406 «municipali
381 4325 559 4413 adultero»)
599 4328 654 4396 vel
687 4334 821 4394 auctore
856 4350 938 4394 usus
973 4335 1023 4394 est
1054 4329 1097 4394 ab
1132 4350 1170 4394 eo
1201 4331 1312 4397 alieno

139 4428 197 4516 (ita
226 4430 385 4496 Seianum
423 4432 627 4519 Agrippinae
665 4435 802 4519 eiusque
840 4435 952 4502 liberis
989 4435 1148 4501 institisse
1186 4436 1309 4517 scribit,
