3098 5052
694 363 916 428 „26-

132 549 134 552 ⁵
220 558 417 638 succederet,
449 554 695 636 contenderent,
732 556 788 621 hic
820 557 929 643 potius
961 554 1134 641 aequalem
1159 554 1264 620 civem
1289 574 1394 638 quam

220 665 422 730 eminentem
451 663 636 750 principem
667 682 763 748 agere
791 662 899 730 vellet.
946 663 1045 738 Namw
1058 667 1091 727 et
1112 666 1268 727 senatum
1289 681 1394 747 popu·

219 769 358 855 lumque
388 770 583 835 Romanurn
617 775 693 854 post
726 774 866 835 mortem
902 768 1049 854 Augusti
1082 769 1196 834 stetim
1224 768 1261 832 in
1293 766 1395 833 verba

219 875 343 941 'liberii
374 876 499 941 iurasse
527 874 751 960 omnibusque
775 875 927 961 precibus
951 895 1038 954 eum,
1064 881 1102 939 ut
1123 874 1302 963 imperium
1326 893 1394 939 sus-

220 981 350 1068 ciperet,
375 1001 484 1046 orasse
507 987 607 1066 atque
623 980 812 1047 obsecrasse
834 987 867 1046 et
882 980 1062 1059 Tiberium,
1087 1001 1130 1046 ne
1145 979 1300 1066 Augusto
1323 999 1395 1044 suc-

220 1088 357 1167 cederet,
394 1088 615 1173 —quamvis
647 1107 683 1152 re
716 1108 794 1154 vera
828 1088 1005 1173 imperium
1037 1085 1211 1171 repudiare
1241 1085 1394 1164 noluerit,

219 1199 333 1259 tamen
367 1230 406 1240 -
437 1193 641 1260 recusavisse
664 1198 763 1258 testes
787 1199 867 1258 sunt
886 1192 1021 1258 Tacitus
1045 1193 1070 1271 1,
1089 1194 1118 1256 7.
1139 1193 1189 1271 13,
1215 1191 1395 1257 Suetonius

219 1299 292 1364 Tib.
318 1300 370 1377 24,
395 1299 459 1364 Dio
482 1299 535 1377 57,
561 1299 591 1362 3.
639 1297 704 1362 Sed
737 1297 926 1383 discrepant
957 1318 978 1362 a
1000 1296 1128 1362 Velleio
1151 1298 1323 1364 Tiberium
1345 1318 1395 1362 re-

220 1405 344 1490 cepisse
359 1404 538 1489 imperium
554 1402 717 1468 scribente
743 1405 864 1486 «mepte
880 1405 1004 1470 ratione
1018 1426 1114 1486 quom
1132 1407 1247 1472 bonore
1269 1407 1394 1482 cietnm,

220 1532 289 1576 cnm
322 1511 480 1593 quidquid
511 1511 662 1574 tnenrtnm
688 1529 752 1574 non
774 1511 967 1590 suscepisset,
990 1511 1176 1591 periturum
1199 1511 1336 1576 videret»
1363 1514 1396 1574 et

220 1615 399 1681 Suetonius
430 1621 463 1679 et
494 1614 629 1680 Tacitus
662 1620 694 1679 et
727 1615 799 1680 Dio.
854 1615 988 1680 Etenim
1018 1613 1198 1681 Suetonius
1230 1613 1314 1701 (Tib.
1341 1611 1394 1700 25)

220 1721 391 1787 Tiberium
421 1721 560 1788 avidum
592 1721 695 1787 fuisse
717 1721 923 1806 principatus
947 1721 1133 1806 occupandi
1155 1720 1265 1787 reddit
1287 1741 1395 1805 neque

220 1833 415 1894 cunctatum
450 1848 520 1892 esse
555 1827 620 1892 nisi
659 1826 701 1892 ob
745 1829 953 1894 «discrimine
986 1830 1127 1910 nnctiqne
1163 1828 1393 1893 imminentia».

220 1934 372 2011 Quorum
402 1932 633 1998 discriminum
656 1931 753 1998 affert
775 1937 948 2018 quattuor:
982 1953 1092 1998 unum
1115 1932 1208 2017 quod
1231 1931 1394 2011 Clemens,

220 2060 334 2106 servus
366 2038 542 2124 Agrippae,
577 2058 717 2104 manum
750 2059 820 2104 non
853 2038 1133 2104 contemnendam
1164 2039 1200 2104 in
1232 2037 1396 2104 ultionem

220 2144 348 2211 domini
371 2145 617 2230 comparaverit,
656 2143 796 2210 alterum
821 2143 912 2230 quod
935 2145 972 2209 L.
1004 2143 1196 2210 Scribonius
1229 2143 1313 2210 Libo
1344 2164 1396 2209 res

220 2272 325 2318 novas
348 2250 435 2315 clam
458 2250 501 2315 sit
523 2250 669 2329 molitus,
700 2251 836 2315 tertium
859 2249 952 2335 quod
975 2248 1100 2335 duplex
1122 2249 1240 2316 seditio
1261 2250 1299 2315 in
1321 2249 1396 2334 Illy·

219 2357 288 2422 rico
328 2363 360 2422 et
398 2357 434 2420 in
474 2356 654 2421 Germania
697 2363 811 2421 exorta
845 2356 901 2436 sit,
937 2362 1094 2440 quartum
1125 2355 1217 2440 quod
1243 2354 1395 2421 Tiberius

220 2463 378 2542 timuerit,
409 2483 452 2528 ne
483 2462 702 2527 Germanicus
735 2461 975 2547 elegionibus,
1012 2467 1051 2525 ut
1079 2482 1191 2526 rerum
1224 2460 1394 2546 potiretur,

221 2575 356 2654 rogatus
390 2569 615 2654 principatum
645 2567 824 2634 affectaret.
876 2567 1012 2631 Tacitus
1045 2574 1159 2632 autem
1189 2585 1295 2650 aeque
1326 2586 1396 2631 non

221 2674 354 2741 dubitat
382 2681 483 2760 atque
512 2674 708 2752 Suetonius,
744 2674 828 2758 quin
862 2672 1016 2738 Tiberius
1049 2672 1263 2753 avidissimus
1299 2672 1397 2736 fuerit

220 2779 384 2867 regnandi
407 2778 496 2865 (ann.
520 2780 547 2858 I,
573 2782 602 2844 7.
631 2782 665 2844 1]
688 2777 788 2865 sqq.);
824 2799 943 2846 verum
966 2799 1044 2843 eum
1067 2779 1156 2844 hanc
1180 2777 1396 2864 cupiditatem

221 2886 482 2952 dissimulavisse
516 2885 630 2951 scribit
660 2887 769 2952 varias
799 2885 843 2950 ob
875 2904 1002 2963 causae,
1039 2904 1183 2969 quarum
1212 2883 1309 2950 affert
1331 2888 1396 2949 tres

221 2991 258 3078 (1,
284 2991 332 3078 7):
372 3014 490 3058 «conse
518 2995 698 3074 praecipue
733 3014 771 3058 eac
801 2993 1018 3074 formitudinc‚
1053 3013 1093 3057 ne
1117 2991 1339 3069 Germanicns,
1361 2993 1398 3056 in

222 3101 313 3165 cnins
335 3121 434 3166 ninnn
457 3106 500 3164 tot
523 3101 679 3182 iepioncs.
700 3149 732 3163 ..
766 3101 880 3165 bebere
910 3101 1082 3180 imperinm
1111 3119 1207 3181 qinom
1236 3104 1398 3179 expectare

222 3207 336 3271 mutiet.
373 3206 469 3271 debat
492 3212 521 3270 et
533 3206 650 3286 famae,
667 3212 703 3270 nt
718 3212 845 3272 coactns
862 3207 1034 3287 eiectusque
1050 3207 1163 3286 potins
1178 3228 1200 3270 c
1221 3204 1398 3285 republica

222 3312 393 3388 videretur,
428 3333 525 3393 qnam
541 3331 605 3392 per
636 3311 786 3376 nnorinm
815 3313 968 3376 ambitum
992 3318 1021 3376 et
1042 3313 1138 3376 senili
1159 3311 1327 3391 adoptione
1347 3312 1398 3374 in-

222 3418 367 3497 repsisse.
399 3423 511 3497 posteo
535 3418 691 3499 copnitnm
707 3423 752 3484 est
767 3419 811 3482 ed
824 3418 1091 3498 introspiciendas
1115 3418 1210 3482 etiem
1226 3436 1398 3497 procerem

222 3523 395 3590 eeinntctes
417 3523 581 3586 incinctam
604 3524 844 3588 dubitationem:
867 3545 944 3588 nem
966 3524 1069 3601 cerba,
1092 3523 1199 3588 cnitns
1220 3524 1257 3587 in
1279 3523 1399 3586 crimen

223 3628 418 3710 inmenens,
441 3628 657 3692 recondebat».
691 3626 786 3704 Quae
809 3627 955 3706 Tacitus,
980 3627 1097 3692 eadem
1116 3627 1183 3693 fere
1205 3626 1315 3692 reddit
1335 3627 1398 3692 Dio

223 3730 287 3817 (57,
313 3730 355 3818 3),
379 3733 503 3818 quippe
527 3753 605 3797 curn
628 3732 774 3799 eundem
801 3754 902 3819 quem
929 3734 985 3798 ille
1008 3733 1135 3799 fontem
1164 3733 1200 3798 in
1222 3733 1276 3798 his
1298 3732 1398 3799 rebus

223 3837 429 3923 explicandis
452 3838 660 3924 exscripserit
682 3836 734 3925 (cf.
759 3839 961 3906 Froitzheim
984 3862 1015 3926 p.
1042 3837 1106 3925 27).

314 3943 408 4021 Quae
431 3946 474 4010 sit
496 3944 658 4011 dissensio
680 3944 802 4011 habes:
817 3945 1000 4012 rideamus
1016 3943 1099 4030 quid
1122 3944 1164 4009 de
1179 3964 1218 4009 ea
1233 3944 1277 4010 sit
1291 3943 1398 4009 existi·

224 4049 398 4116 mendum.
445 4049 558 4135 Atque
589 4051 637 4116 ita
668 4052 898 4137 quaestionem
930 4050 1089 4128 tractabo,
1120 4056 1159 4114 ut
1186 4049 1334 4136 primurn
1357 4049 1399 4114 de

224 4157 429 4242 argumentis
464 4156 645 4243 disputem,
682 4179 777 4244 quae,
818 4158 942 4243 quibus
979 4156 1151 4222 Tiberium
1188 4157 1232 4222 ob
1269 4162 1399 4222 metum

224 4262 401 4348 imperium
439 4263 643 4330 recusavisse
677 4262 905 4342 ostenderent,
950 4263 1129 4330 Suetonius
1169 4269 1270 4349 atque
1308 4263 1399 4328 Taci-

225 4375 280 4434 tus
326 4369 525 4449 attulerunt,
568 4375 642 4435 turn
689 4369 772 4456 quid
820 4369 863 4434 sit
912 4368 1133 4435 iudicandum
1180 4369 1221 4435 de
1273 4368 1397 4435 Tiberii
