3084 5050
734 1263 904 1363 Vita.

759 1491 866 1500 -ι-ι--

316 1605 515 1672 Franciscus
538 1606 643 1672 Faust
658 1610 757 1671 natus
773 1627 849 1671 sum
865 1605 1067 1673 Buerstadtii
1084 1626 1174 1672 anno
1192 1607 1277 1673 1868
1292 1605 1400 1692 pridie

229 1710 393 1777 Calendas
427 1711 557 1799 Apriles
590 1718 683 1798 patra
715 1713 861 1779 Henriao
895 1718 928 1779 et
964 1718 1070 1779 matre
1107 1713 1209 1779 Anna
1246 1734 1264 1779 e
1299 1719 1399 1800 gente

228 1816 439 1884 Brachenser.
487 1817 581 1884 Fidei
604 1817 758 1884 addictus
781 1840 857 1884 sum
880 1819 1070 1886 catholicae.

316 1923 421 1989 Paulo
458 1931 534 2010 post
570 1944 673 2010 quam
709 1925 796 1992 inter
829 1924 1008 2013 discipulos
1048 1927 1213 2014 gymnasii
1255 1925 1397 1994 Bensha
1431 1957 1434 1965 ·

228 2030 365 2096 miensis
388 2037 539 2118 receptus
577 2053 652 2098 sum
688 2053 795 2098 annos
829 2029 950 2100 novem
984 2038 1084 2098 natus
1120 2054 1253 2099 summo
1287 2032 1398 2099 dolore

234 2135 373 2203 affectus
391 2158 467 2204 sum
491 2159 529 2204 eo
552 2137 641 2224 quod
664 2145 757 2225 pater
771 2139 917 2225 optimus
934 2138 975 2204 de
997 2140 1064 2205 vita
1082 2137 1230 2205 decessit.
1276 2137 1360 2204 Inda
1377 2159 1398 2204 a

227 2264 305 2312 vere
336 2245 417 2310 anni
442 2247 527 2312 1886
550 2246 751 2312 maturitatis
774 2245 963 2312 testimonio
985 2245 1137 2312 munitus
1160 2245 1279 2313 studiis
1296 2245 1399 2332 philo·

229 2350 344 2438 logicis
377 2373 510 2439 operam
541 2351 627 2418 dedi.
675 2351 787 2439 Atque
801 2353 948 2440 primum
963 2352 1100 2439 quidem
1115 2375 1174 2439 per
1192 2352 1276 2419 duos
1291 2372 1398 2417 annos

234 2459 404 2525 Monachii
419 2465 452 2525 et
466 2459 612 2525 Berolini
627 2459 751 2527 civium
766 2459 1032 2528 academicorum
1054 2480 1194 2526 numero
1213 2459 1398 2546 adscriptus

229 2566 359 2632 scholas
392 2566 599 2653 frequentavi
636 2572 670 2634 et
700 2567 801 2633 simul
832 2587 891 2653 par
923 2589 1033 2633 unum
1067 2587 1196 2633 annum
1234 2565 1400 2654 stipendia

229 2671 346 2738 merui.
377 2672 506 2738 Deinde
529 2672 662 2740 Gissam
680 2694 735 2739 me
758 2672 885 2739 contuli
906 2673 1020 2759 ibique
1034 2679 1103 2740 tam
1128 2673 1249 2740 scholis
1264 2672 1400 2739 interfui

230 2799 333 2865 quam
357 2779 647 2846 exercitationibus
666 2780 918 2847 seminariorum
942 2785 975 2846 et
989 2779 1179 2866 philologici
1195 2786 1227 2846 et
1240 2779 1397 2846 historici.

228 2885 435 2952 Facultatum
459 2885 600 2952 docendi
622 2886 763 2974 adeptus
785 2886 864 2953 inde
886 2907 1037 2953 amensa
1059 2887 1178 2953 Martio
1208 2887 1289 2951 anni
1314 2887 1395 2952 1891

229 2983 407 3060 seminario
429 2992 661 3080 paedagogica,
679 2994 769 3081 quod
786 3001 836 3061 est
850 2992 1066 3075 Darmstadti‚
1084 2993 1205 3060 sodalis
1224 2994 1397 3062 intersum.

318 3099 589 3186 Praeceptoribus
612 3101 705 3181 moia,
730 3101 808 3168 viris
832 3099 1042 3178 doctissimis,
1065 3100 1188 3186 gratias
1210 3119 1273 3185 ago
1296 3119 1397 3186 quam

231 3206 406 3287 maximas,
429 3206 594 3294 imprimis
618 3205 799 3287 Onckeni0‚
821 3206 998 3294 Philippi0‚
1023 3201 1232 3275 Schmidtio.

583 4490 662 4543 'lypis
677 4490 701 4532 θ.
716 4491 743 4534 F.
759 4488 871 4540 winton.
886 4487 1049 4533 Darmstadti.
