<?xml version="1.0" encoding="UTF-8"?>
<!DOCTYPE html PUBLIC "-//W3C//DTD XHTML 1.0 Transitional//EN"
    "http://www.w3.org/TR/xhtml1/DTD/xhtml1-transitional.dtd">
<html xmlns="http://www.w3.org/1999/xhtml" xml:lang="en" lang="en">
 <head>
  <title>
</title>
<meta http-equiv="Content-Type" content="text/html;charset=utf-8" />
  <meta name='ocr-system' content='tesseract 3.04.00' />
  <meta name='ocr-capabilities' content='ocr_page ocr_carea ocr_par ocr_line ocrx_word'/>
</head>
<body>
  <div class='ocr_page' id='page_1' title='image "./develleipatercu01fausgoog_0030.png"; bbox 0 0 3084 5050; ppageno 0'>
   <div class='ocr_carea' id='block_1_1' title="bbox 604 400 826 464">
    <p class='ocr_par' dir='ltr' id='par_1_1' title="bbox 604 400 826 464">
     <span class='ocr_line' id='line_1_1' title="bbox 604 400 826 464; baseline 0 -19"><span class='ocrx_word' id='word_1_1' title='bbox 604 400 826 464; x_wconf 73' lang='lat'><strong>..23-</strong></span> 
     </span>
    </p>
   </div>
   <div class='ocr_carea' id='block_1_2' title="bbox 124 590 1306 4499">
    <p class='ocr_par' dir='ltr' id='par_1_2' title="bbox 124 590 1306 4499">
     <span class='ocr_line' id='line_1_2' title="bbox 126 590 1303 681; baseline -0.002 -18"><span class='ocrx_word' id='word_1_2' title='bbox 126 602 253 662; x_wconf 82' lang='lat' dir='ltr'><strong><em>oeutuui</em></strong></span> <span class='ocrx_word' id='word_1_3' title='bbox 275 615 375 677; x_wconf 79' lang='lat' dir='ltr'><strong><em>usque</em></strong></span> <span class='ocrx_word' id='word_1_4' title='bbox 382 600 613 675; x_wconf 74' lang='lat' dir='ltr'><strong><em>prosecuturus</em></strong></span> <span class='ocrx_word' id='word_1_5' title='bbox 635 591 714 681; x_wconf 88' lang='lat' dir='ltr'><strong><em>(scil.</em></strong></span> <span class='ocrx_word' id='word_1_6' title='bbox 740 590 925 680; x_wconf 84' lang='lat' dir='ltr'><strong><em>Augustus)</em></strong></span> <span class='ocrx_word' id='word_1_7' title='bbox 945 643 951 658; x_wconf 89' lang='lat'>.</span> <span class='ocrx_word' id='word_1_8' title='bbox 972 644 978 658; x_wconf 94' lang='lat'>.</span> <span class='ocrx_word' id='word_1_9' title='bbox 998 645 1005 658; x_wconf 93' lang='lat'>.</span> <span class='ocrx_word' id='word_1_10' title='bbox 1029 595 1206 678; x_wconf 76' lang='lat' dir='ltr'><strong><em>adproooto</em></strong></span> <span class='ocrx_word' id='word_1_11' title='bbox 1221 596 1303 661; x_wconf 82' lang='lat' dir='ltr'><strong><em>oute-</em></strong></span> 
     </span>
     <span class='ocr_line' id='line_1_3' title="bbox 127 701 1303 782; baseline -0.001 -13"><span class='ocrx_word' id='word_1_12' title='bbox 127 704 246 769; x_wconf 79' lang='lat' dir='ltr'><strong><em>tudiue&#39;</em></strong></span> <span class='ocrx_word' id='word_1_13' title='bbox 260 702 388 767; x_wconf 83' lang='lat' dir='ltr'><strong><em>taudem</em></strong></span> <span class='ocrx_word' id='word_1_14' title='bbox 412 701 513 766; x_wconf 86' lang='lat' dir='ltr'><strong><em>Notoe</em></strong></span> <span class='ocrx_word' id='word_1_15' title='bbox 546 702 710 766; x_wconf 76' lang='lat' dir='ltr'><strong><em>succubuit</em></strong></span> <span class='ocrx_word' id='word_1_16' title='bbox 736 707 975 782; x_wconf 80' lang='lat' dir='ltr'><strong><em>reuocatumque</em></strong></span> <span class='ocrx_word' id='word_1_17' title='bbox 1002 722 1040 765; x_wconf 84' lang='lat' dir='ltr'><strong><em>ec</em></strong></span> <span class='ocrx_word' id='word_1_18' title='bbox 1066 702 1179 766; x_wconf 84' lang='lat' dir='ltr'><strong><em>itinere</em></strong></span> <span class='ocrx_word' id='word_1_19' title='bbox 1213 702 1303 768; x_wconf 81' lang='lat' dir='ltr'><strong><em>Tibe-</em></strong></span> 
     </span>
     <span class='ocr_line' id='line_1_4' title="bbox 126 804 1304 874; baseline 0 -1"><span class='ocrx_word' id='word_1_20' title='bbox 126 811 215 874; x_wconf 85' lang='lat' dir='ltr'><strong><em>rium</em></strong></span> <span class='ocrx_word' id='word_1_21' title='bbox 238 809 296 874; x_wconf 84' lang='lat' dir='ltr'><strong><em>otiu</em></strong></span> <span class='ocrx_word' id='word_1_22' title='bbox 318 813 433 874; x_wconf 87' lang='lat' dir='ltr'><strong><em>secreto</em></strong></span> <span class='ocrx_word' id='word_1_23' title='bbox 455 828 596 873; x_wconf 85' lang='lat' dir='ltr'><strong><em>seruoue</em></strong></span> <span class='ocrx_word' id='word_1_24' title='bbox 619 808 773 872; x_wconf 81' lang='lat' dir='ltr'><strong><em>detiuuit»</em></strong></span> <span class='ocrx_word' id='word_1_25' title='bbox 807 812 840 871; x_wconf 84' lang='lat' dir='ltr'><strong><em>et</em></strong></span> <span class='ocrx_word' id='word_1_26' title='bbox 868 804 941 870; x_wconf 86' lang='lat' dir='ltr'><strong>Tib.</strong></span> <span class='ocrx_word' id='word_1_27' title='bbox 968 807 1026 871; x_wconf 81' lang='lat'><strong><em>21:</em></strong></span> <span class='ocrx_word' id='word_1_28' title='bbox 1068 809 1236 873; x_wconf 70' lang='lat' dir='ltr'><strong><em>«Tiberius</em></strong></span> <span class='ocrx_word' id='word_1_29' title='bbox 1267 809 1304 872; x_wconf 89' lang='lat' dir='ltr'><strong><em>iu</em></strong></span> 
     </span>
     <span class='ocr_line' id='line_1_5' title="bbox 126 914 1304 998; baseline 0.001 -20"><span class='ocrx_word' id='word_1_30' title='bbox 126 915 300 998; x_wconf 73' lang='lat' dir='ltr'><strong><em>Illyricum</em></strong></span> <span class='ocrx_word' id='word_1_31' title='bbox 325 914 489 994; x_wconf 77' lang='lat' dir='ltr'><strong><em>profectus</em></strong></span> <span class='ocrx_word' id='word_1_32' title='bbox 521 915 630 978; x_wconf 88' lang='lat' dir='ltr'><strong><em>statim</em></strong></span> <span class='ocrx_word' id='word_1_33' title='bbox 665 934 703 978; x_wconf 87' lang='lat' dir='ltr'><strong><em>eu</em></strong></span> <span class='ocrx_word' id='word_1_34' title='bbox 735 914 850 978; x_wconf 89' lang='lat' dir='ltr'><strong><em>itiuere</em></strong></span> <span class='ocrx_word' id='word_1_35' title='bbox 883 919 1046 978; x_wconf 87' lang='lat' dir='ltr'><strong><em>reuocatus</em></strong></span> <span class='ocrx_word' id='word_1_36' title='bbox 1076 915 1143 978; x_wconf 84' lang='lat' dir='ltr'><strong><em>iocur</em></strong></span> <span class='ocrx_word' id='word_1_37' title='bbox 1176 916 1304 996; x_wconf 79' lang='lat' dir='ltr'><strong><em>quidem</em></strong></span> 
     </span>
     <span class='ocr_line' id='line_1_6' title="bbox 126 1019 1304 1103; baseline 0 -17"><span class='ocrx_word' id='word_1_38' title='bbox 126 1021 282 1101; x_wconf 83' lang='lat' dir='ltr'><strong><em>offectura,</em></strong></span> <span class='ocrx_word' id='word_1_39' title='bbox 314 1021 371 1085; x_wconf 83' lang='lat' dir='ltr'><strong><em>sed</em></strong></span> <span class='ocrx_word' id='word_1_40' title='bbox 393 1026 498 1085; x_wconf 89' lang='lat' dir='ltr'><strong><em>torueu</em></strong></span> <span class='ocrx_word' id='word_1_41' title='bbox 520 1021 695 1100; x_wconf 76' lang='lat' dir='ltr'><strong><em>spirantem</em></strong></span> <span class='ocrx_word' id='word_1_42' title='bbox 711 1019 814 1084; x_wconf 79' lang='lat' dir='ltr'><strong><em>oditur</em></strong></span> <span class='ocrx_word' id='word_1_43' title='bbox 831 1020 1011 1101; x_wconf 82' lang='lat' dir='ltr'><strong><em>Aupusturu</em></strong></span> <span class='ocrx_word' id='word_1_44' title='bbox 1027 1022 1167 1101; x_wconf 87' lang='lat' dir='ltr'><strong><em>repperit</em></strong></span> <span class='ocrx_word' id='word_1_45' title='bbox 1179 1023 1304 1103; x_wconf 77' lang='lat' dir='ltr'><strong><em>fuitque</em></strong></span> 
     </span>
     <span class='ocr_line' id='line_1_7' title="bbox 127 1123 1304 1210; baseline -0.002 -17"><span class='ocrx_word' id='word_1_46' title='bbox 127 1149 194 1194; x_wconf 88' lang='lat' dir='ltr'><strong><em>uuo</em></strong></span> <span class='ocrx_word' id='word_1_47' title='bbox 224 1133 339 1193; x_wconf 90' lang='lat' dir='ltr'><strong><em>secreto</em></strong></span> <span class='ocrx_word' id='word_1_48' title='bbox 365 1148 427 1208; x_wconf 91' lang='lat' dir='ltr'><strong><em>per</em></strong></span> <span class='ocrx_word' id='word_1_49' title='bbox 460 1131 557 1190; x_wconf 86' lang='lat' dir='ltr'><strong><em>toturu</em></strong></span> <span class='ocrx_word' id='word_1_50' title='bbox 591 1127 705 1190; x_wconf 84' lang='lat' dir='ltr'><strong><em>dieu».</em></strong></span> <span class='ocrx_word' id='word_1_51' title='bbox 752 1123 818 1188; x_wconf 85' lang='lat' dir='ltr'><strong><em>Sed</em></strong></span> <span class='ocrx_word' id='word_1_52' title='bbox 852 1123 1054 1191; x_wconf 89' lang='lat' dir='ltr'><strong><em>dissentiunt</em></strong></span> <span class='ocrx_word' id='word_1_53' title='bbox 1085 1125 1128 1190; x_wconf 91' lang='lat' dir='ltr'><strong><em>ab</em></strong></span> <span class='ocrx_word' id='word_1_54' title='bbox 1161 1131 1304 1210; x_wconf 89' lang='lat' dir='ltr'><strong><em>utroque</em></strong></span> 
     </span>
     <span class='ocr_line' id='line_1_8' title="bbox 127 1229 1304 1318; baseline -0.001 -20"><span class='ocrx_word' id='word_1_55' title='bbox 127 1233 285 1318; x_wconf 84' lang='lat' dir='ltr'><strong><em>scriptore</em></strong></span> <span class='ocrx_word' id='word_1_56' title='bbox 315 1232 378 1297; x_wconf 90' lang='lat' dir='ltr'><strong><em>Dio</em></strong></span> <span class='ocrx_word' id='word_1_57' title='bbox 408 1237 508 1316; x_wconf 87' lang='lat' dir='ltr'><strong><em>atque</em></strong></span> <span class='ocrx_word' id='word_1_58' title='bbox 538 1230 683 1296; x_wconf 84' lang='lat' dir='ltr'><strong><em>Tacitus.</em></strong></span> <span class='ocrx_word' id='word_1_59' title='bbox 732 1229 884 1307; x_wconf 78' lang='lat' dir='ltr'><strong><em>Quorum</em></strong></span> <span class='ocrx_word' id='word_1_60' title='bbox 913 1230 978 1308; x_wconf 87' lang='lat' dir='ltr'><strong><em>hic,</em></strong></span> <span class='ocrx_word' id='word_1_61' title='bbox 1014 1236 1053 1295; x_wconf 91' lang='lat' dir='ltr'><strong><em>ut</em></strong></span> <span class='ocrx_word' id='word_1_62' title='bbox 1083 1231 1236 1296; x_wconf 87' lang='lat' dir='ltr'><strong><em>omittam</em></strong></span> <span class='ocrx_word' id='word_1_63' title='bbox 1268 1231 1304 1297; x_wconf 91' lang='lat' dir='ltr'><strong><em>id</em></strong></span> 
     </span>
     <span class='ocr_line' id='line_1_9' title="bbox 126 1336 1302 1423; baseline -0.003 -19"><span class='ocrx_word' id='word_1_64' title='bbox 126 1338 219 1423; x_wconf 87' lang='lat' dir='ltr'><strong><em>quod</em></strong></span> <span class='ocrx_word' id='word_1_65' title='bbox 243 1337 357 1404; x_wconf 84' lang='lat' dir='ltr'><strong><em>scribit</em></strong></span> <span class='ocrx_word' id='word_1_66' title='bbox 383 1339 545 1419; x_wconf 73' lang='lat' dir='ltr'><strong><em>«properis</em></strong></span> <span class='ocrx_word' id='word_1_67' title='bbox 560 1339 674 1402; x_wconf 84' lang='lat' dir='ltr'><strong><em>matris</em></strong></span> <span class='ocrx_word' id='word_1_68' title='bbox 692 1337 807 1401; x_wconf 87' lang='lat' dir='ltr'><strong><em>litteris</em></strong></span> <span class='ocrx_word' id='word_1_69' title='bbox 822 1337 974 1414; x_wconf 79' lang='lat' dir='ltr'><strong><em>accitur»,</em></strong></span> <span class='ocrx_word' id='word_1_70' title='bbox 999 1337 1078 1421; x_wconf 89' lang='lat' dir='ltr'><strong><em>quia</em></strong></span> <span class='ocrx_word' id='word_1_71' title='bbox 1099 1336 1169 1402; x_wconf 90' lang='lat' dir='ltr'><strong><em>fieri</em></strong></span> <span class='ocrx_word' id='word_1_72' title='bbox 1184 1338 1302 1423; x_wconf 79' lang='lat' dir='ltr'><strong><em>potuit,</em></strong></span> 
     </span>
     <span class='ocr_line' id='line_1_10' title="bbox 125 1442 1305 1531; baseline -0.003 -21"><span class='ocrx_word' id='word_1_73' title='bbox 125 1451 167 1510; x_wconf 93' lang='lat' dir='ltr'><strong><em>ut</em></strong></span> <span class='ocrx_word' id='word_1_74' title='bbox 189 1444 363 1531; x_wconf 84' lang='lat' dir='ltr'><strong><em>Augustus</em></strong></span> <span class='ocrx_word' id='word_1_75' title='bbox 378 1464 516 1510; x_wconf 86' lang='lat' dir='ltr'><strong><em>uxorem</em></strong></span> <span class='ocrx_word' id='word_1_76' title='bbox 532 1443 661 1509; x_wconf 91' lang='lat' dir='ltr'><strong><em>iuberet</em></strong></span> <span class='ocrx_word' id='word_1_77' title='bbox 682 1443 790 1508; x_wconf 89' lang='lat' dir='ltr'><strong><em>filium</em></strong></span> <span class='ocrx_word' id='word_1_78' title='bbox 812 1463 974 1522; x_wconf 86' lang='lat' dir='ltr'><strong><em>revocare,</em></strong></span> <span class='ocrx_word' id='word_1_79' title='bbox 999 1465 1076 1508; x_wconf 91' lang='lat' dir='ltr'><strong><em>ann.</em></strong></span> <span class='ocrx_word' id='word_1_80' title='bbox 1101 1442 1127 1522; x_wconf 84' lang='grc' dir='ltr'><strong><em>Ι,</em></strong></span> <span class='ocrx_word' id='word_1_81' title='bbox 1153 1443 1305 1508; x_wconf 84' lang='lat' dir='ltr'><strong><em>5scribit</em></strong></span> 
     </span>
     <span class='ocr_line' id='line_1_11' title="bbox 127 1551 1304 1634; baseline -0.002 -18"><span class='ocrx_word' id='word_1_82' title='bbox 127 1551 187 1616; x_wconf 88' lang='lat' dir='ltr'><strong><em>sic:</em></strong></span> <span class='ocrx_word' id='word_1_83' title='bbox 227 1574 344 1634; x_wconf 70' lang='lat' dir='ltr'><strong><em>sueque</em></strong></span> <span class='ocrx_word' id='word_1_84' title='bbox 371 1553 451 1616; x_wconf 86' lang='lat' dir='ltr'><strong><em>sctis</em></strong></span> <span class='ocrx_word' id='word_1_85' title='bbox 483 1557 674 1632; x_wconf 82' lang='lat' dir='ltr'><strong><em>compertum</em></strong></span> <span class='ocrx_word' id='word_1_86' title='bbox 707 1557 760 1628; x_wconf 89' lang='lat' dir='ltr'><strong><em>est,</em></strong></span> <span class='ocrx_word' id='word_1_87' title='bbox 796 1552 972 1632; x_wconf 88' lang='lat' dir='ltr'><strong><em>spiruuteru</em></strong></span> <span class='ocrx_word' id='word_1_88' title='bbox 996 1551 1099 1615; x_wconf 82' lang='lat' dir='ltr'><strong><em>odlcuc</em></strong></span> <span class='ocrx_word' id='word_1_89' title='bbox 1122 1551 1304 1634; x_wconf 78' lang='lat' dir='ltr'><strong><em>Aupusturu</em></strong></span> 
     </span>
     <span class='ocr_line' id='line_1_12' title="bbox 126 1651 1301 1741; baseline -0.003 -18"><span class='ocrx_word' id='word_1_90' title='bbox 126 1660 218 1740; x_wconf 85' lang='lat' dir='ltr'><strong><em>apud</em></strong></span> <span class='ocrx_word' id='word_1_91' title='bbox 250 1659 359 1724; x_wconf 81' lang='lat' dir='ltr'><strong><em>urbem</em></strong></span> <span class='ocrx_word' id='word_1_92' title='bbox 391 1657 508 1723; x_wconf 79' lang='lat' dir='ltr'><strong><em>Notaui</em></strong></span> <span class='ocrx_word' id='word_1_93' title='bbox 539 1679 582 1722; x_wconf 87' lang='lat' dir='ltr'><strong><em>uu</em></strong></span> <span class='ocrx_word' id='word_1_94' title='bbox 616 1659 792 1722; x_wconf 82' lang='lat' dir='ltr'><strong><em>euuuirueru</em></strong></span> <span class='ocrx_word' id='word_1_95' title='bbox 814 1658 991 1738; x_wconf 74' lang='lat' dir='ltr'><strong><em>reppererit</em></strong></span> <span class='ocrx_word' id='word_1_96' title='bbox 1013 1652 1092 1741; x_wconf 85' lang='lat' dir='ltr'><strong><em>(scil.</em></strong></span> <span class='ocrx_word' id='word_1_97' title='bbox 1118 1651 1301 1738; x_wconf 72' lang='lat' dir='ltr'><strong><em>Tiberiuslr</em></strong></span> 
     </span>
     <span class='ocr_line' id='line_1_13' title="bbox 125 1761 1304 1848; baseline -0.001 -20"><span class='ocrx_word' id='word_1_98' title='bbox 125 1769 168 1843; x_wconf 88' lang='lat' dir='ltr'><strong><em>et,</em></strong></span> <span class='ocrx_word' id='word_1_99' title='bbox 192 1768 231 1829; x_wconf 92' lang='lat' dir='ltr'><strong><em>ut</em></strong></span> <span class='ocrx_word' id='word_1_100' title='bbox 252 1763 374 1848; x_wconf 85' lang='lat' dir='ltr'><strong><em>legenti</em></strong></span> <span class='ocrx_word' id='word_1_101' title='bbox 396 1761 594 1848; x_wconf 82' lang='lat' dir='ltr'><strong><em>persuadeat</em></strong></span> <span class='ocrx_word' id='word_1_102' title='bbox 615 1762 809 1847; x_wconf 84' lang='lat' dir='ltr'><strong><em>Augustum</em></strong></span> <span class='ocrx_word' id='word_1_103' title='bbox 833 1783 853 1828; x_wconf 89' lang='lat' dir='ltr'><strong><em>a</em></strong></span> <span class='ocrx_word' id='word_1_104' title='bbox 885 1762 1016 1828; x_wconf 86' lang='lat' dir='ltr'><strong><em>Tiberio</em></strong></span> <span class='ocrx_word' id='word_1_105' title='bbox 1039 1769 1208 1848; x_wconf 85' lang='lat' dir='ltr'><strong><em>repertum</em></strong></span> <span class='ocrx_word' id='word_1_106' title='bbox 1232 1783 1304 1828; x_wconf 89' lang='lat' dir='ltr'><strong><em>esse</em></strong></span> 
     </span>
     <span class='ocr_line' id='line_1_14' title="bbox 125 1867 1303 1954; baseline -0.002 -20"><span class='ocrx_word' id='word_1_107' title='bbox 125 1870 324 1949; x_wconf 87' lang='lat' dir='ltr'><strong><em>exanimem,</em></strong></span> <span class='ocrx_word' id='word_1_108' title='bbox 350 1890 388 1934; x_wconf 89' lang='lat' dir='ltr'><strong><em>ea</em></strong></span> <span class='ocrx_word' id='word_1_109' title='bbox 407 1874 521 1934; x_wconf 87' lang='lat' dir='ltr'><strong><em>narrat</em></strong></span> <span class='ocrx_word' id='word_1_110' title='bbox 539 1889 625 1954; x_wconf 90' lang='lat' dir='ltr'><strong><em>quae</em></strong></span> <span class='ocrx_word' id='word_1_111' title='bbox 641 1869 736 1934; x_wconf 89' lang='lat' dir='ltr'><strong><em>Livia</em></strong></span> <span class='ocrx_word' id='word_1_112' title='bbox 751 1875 826 1933; x_wconf 91' lang='lat' dir='ltr'><strong><em>tum</em></strong></span> <span class='ocrx_word' id='word_1_113' title='bbox 842 1868 928 1934; x_wconf 86' lang='lat' dir='ltr'><strong><em>fecit.</em></strong></span> <span class='ocrx_word' id='word_1_114' title='bbox 956 1867 1016 1934; x_wconf 83' lang='lat' dir='ltr'><strong><em>ille</em></strong></span> <span class='ocrx_word' id='word_1_115' title='bbox 1038 1874 1152 1933; x_wconf 89' lang='lat' dir='ltr'><strong><em>antem</em></strong></span> <span class='ocrx_word' id='word_1_116' title='bbox 1175 1869 1230 1946; x_wconf 81' lang='lat'><strong><em>56,</em></strong></span> <span class='ocrx_word' id='word_1_117' title='bbox 1249 1870 1303 1946; x_wconf 87' lang='lat'><strong><em>31,</em></strong></span> 
     </span>
     <span class='ocr_line' id='line_1_15' title="bbox 125 1973 1306 2061; baseline -0.002 -21"><span class='ocrx_word' id='word_1_118' title='bbox 125 1996 335 2061; x_wconf 80' lang='lat' dir='ltr'><strong><em>quamquam</em></strong></span> <span class='ocrx_word' id='word_1_119' title='bbox 365 1995 436 2040; x_wconf 85' lang='lat' dir='ltr'><strong><em>esse</em></strong></span> <span class='ocrx_word' id='word_1_120' title='bbox 465 1973 626 2053; x_wconf 89' lang='lat' dir='ltr'><strong><em>concedit,</em></strong></span> <span class='ocrx_word' id='word_1_121' title='bbox 657 1974 717 2058; x_wconf 91' lang='lat' dir='ltr'><strong><em>qui</em></strong></span> <span class='ocrx_word' id='word_1_122' title='bbox 746 1973 860 2042; x_wconf 87' lang='lat' dir='ltr'><strong><em>dicant</em></strong></span> <span class='ocrx_word' id='word_1_123' title='bbox 893 1977 1144 2058; x_wconf 77' lang='grc' dir='ltr'>«παραγενέσθαι</span> <span class='ocrx_word' id='word_1_124' title='bbox 1172 1980 1223 2041; x_wconf 85' lang='grc' dir='ltr'><strong><em>τὸν</em></strong></span> <span class='ocrx_word' id='word_1_125' title='bbox 1251 1973 1306 2038; x_wconf 83' lang='grc' dir='ltr'>Τι-</span> 
     </span>
     <span class='ocr_line' id='line_1_16' title="bbox 125 2077 1303 2166; baseline -0.001 -20"><span class='ocrx_word' id='word_1_126' title='bbox 125 2086 226 2166; x_wconf 81' lang='grc' dir='ltr'>βέριον</span> <span class='ocrx_word' id='word_1_127' title='bbox 249 2091 287 2166; x_wconf 76' lang='grc' dir='ltr'><strong><em>τῇ</em></strong></span> <span class='ocrx_word' id='word_1_128' title='bbox 322 2085 401 2166; x_wconf 82' lang='grc' dir='ltr'>νόσῳ</span> <span class='ocrx_word' id='word_1_129' title='bbox 437 2077 527 2145; x_wconf 70' lang='grc' dir='ltr'>αὐτοῦ</span> <span class='ocrx_word' id='word_1_130' title='bbox 562 2083 615 2144; x_wconf 73' lang='grc' dir='ltr'><strong><em>καὶ</em></strong></span> <span class='ocrx_word' id='word_1_131' title='bbox 646 2077 825 2166; x_wconf 77' lang='grc' dir='ltr'>ἐπισκήψεις</span> <span class='ocrx_word' id='word_1_132' title='bbox 848 2085 931 2152; x_wconf 85' lang='grc' dir='ltr'>τινὰς</span> <span class='ocrx_word' id='word_1_133' title='bbox 954 2080 1025 2166; x_wconf 86' lang='grc' dir='ltr'>παρ’</span> <span class='ocrx_word' id='word_1_134' title='bbox 1052 2079 1303 2164; x_wconf 62' lang='lat' dir='ltr'><strong><em>nescelestein»,</em></strong></span> 
     </span>
     <span class='ocr_line' id='line_1_17' title="bbox 124 2185 1305 2272; baseline 0 -20"><span class='ocrx_word' id='word_1_135' title='bbox 124 2195 241 2252; x_wconf 91' lang='lat' dir='ltr'><strong><em>tamen</em></strong></span> <span class='ocrx_word' id='word_1_136' title='bbox 271 2187 466 2272; x_wconf 84' lang='lat' dir='ltr'><strong><em>Augustum</em></strong></span> <span class='ocrx_word' id='word_1_137' title='bbox 497 2192 576 2251; x_wconf 89' lang='lat' dir='ltr'><strong><em>ante</em></strong></span> <span class='ocrx_word' id='word_1_138' title='bbox 598 2185 722 2251; x_wconf 86' lang='lat' dir='ltr'><strong><em>Tiberii</em></strong></span> <span class='ocrx_word' id='word_1_139' title='bbox 753 2185 938 2253; x_wconf 89' lang='lat' dir='ltr'><strong><em>adventum</em></strong></span> <span class='ocrx_word' id='word_1_140' title='bbox 970 2185 1012 2250; x_wconf 92' lang='lat' dir='ltr'><strong><em>de</em></strong></span> <span class='ocrx_word' id='word_1_141' title='bbox 1034 2187 1103 2252; x_wconf 82' lang='lat' dir='ltr'><strong><em>vita</em></strong></span> <span class='ocrx_word' id='word_1_142' title='bbox 1127 2185 1305 2252; x_wconf 84' lang='lat' dir='ltr'><strong><em>decessisse</em></strong></span> 
     </span>
     <span class='ocr_line' id='line_1_18' title="bbox 125 2291 1304 2379; baseline 0 -21"><span class='ocrx_word' id='word_1_143' title='bbox 125 2293 192 2359; x_wconf 87' lang='lat' dir='ltr'><strong><em>sibi</em></strong></span> <span class='ocrx_word' id='word_1_144' title='bbox 223 2293 387 2379; x_wconf 84' lang='lat' dir='ltr'><strong><em>persuasit</em></strong></span> <span class='ocrx_word' id='word_1_145' title='bbox 421 2298 454 2358; x_wconf 92' lang='lat' dir='ltr'><strong><em>et</em></strong></span> <span class='ocrx_word' id='word_1_146' title='bbox 475 2293 605 2360; x_wconf 89' lang='lat' dir='ltr'><strong><em>Liviam</em></strong></span> <span class='ocrx_word' id='word_1_147' title='bbox 641 2293 824 2372; x_wconf 87' lang='lat' dir='ltr'><strong><em>timentem,</em></strong></span> <span class='ocrx_word' id='word_1_148' title='bbox 860 2314 903 2358; x_wconf 90' lang='lat' dir='ltr'><strong><em>ne</em></strong></span> <span class='ocrx_word' id='word_1_149' title='bbox 926 2293 1072 2359; x_wconf 87' lang='lat' dir='ltr'><strong><em>Romani</em></strong></span> <span class='ocrx_word' id='word_1_150' title='bbox 1094 2291 1226 2357; x_wconf 90' lang='lat' dir='ltr'><strong><em>Tiberio</em></strong></span> <span class='ocrx_word' id='word_1_151' title='bbox 1249 2293 1304 2358; x_wconf 92' lang='lat' dir='ltr'><strong><em>ab·</em></strong></span> 
     </span>
     <span class='ocr_line' id='line_1_19' title="bbox 128 2397 1304 2484; baseline -0.002 -20"><span class='ocrx_word' id='word_1_152' title='bbox 128 2404 224 2464; x_wconf 88' lang='lat' dir='ltr'><strong><em>sente</em></strong></span> <span class='ocrx_word' id='word_1_153' title='bbox 246 2419 298 2463; x_wconf 86' lang='lat' dir='ltr'><strong><em>res</em></strong></span> <span class='ocrx_word' id='word_1_154' title='bbox 321 2419 425 2465; x_wconf 86' lang='lat' dir='ltr'><strong><em>novas</em></strong></span> <span class='ocrx_word' id='word_1_155' title='bbox 457 2398 663 2478; x_wconf 83' lang='lat' dir='ltr'><strong><em>molirentur,</em></strong></span> <span class='ocrx_word' id='word_1_156' title='bbox 700 2405 841 2464; x_wconf 88' lang='lat' dir='ltr'><strong><em>mortem</em></strong></span> <span class='ocrx_word' id='word_1_157' title='bbox 872 2398 1004 2478; x_wconf 89' lang='lat' dir='ltr'><strong><em>celasse,</em></strong></span> <span class='ocrx_word' id='word_1_158' title='bbox 1029 2397 1141 2484; x_wconf 88' lang='lat' dir='ltr'><strong><em>quoad</em></strong></span> <span class='ocrx_word' id='word_1_159' title='bbox 1172 2398 1228 2463; x_wconf 88' lang='lat' dir='ltr'><strong><em>hic</em></strong></span> <span class='ocrx_word' id='word_1_160' title='bbox 1250 2399 1304 2462; x_wconf 90' lang='lat' dir='ltr'><strong><em>ad·</em></strong></span> 
     </span>
     <span class='ocr_line' id='line_1_20' title="bbox 125 2501 1305 2589; baseline -0.002 -19"><span class='ocrx_word' id='word_1_161' title='bbox 125 2505 257 2571; x_wconf 83' lang='lat' dir='ltr'><strong><em>veniret</em></strong></span> <span class='ocrx_word' id='word_1_162' title='bbox 283 2515 397 2569; x_wconf 78' lang='grc' dir='ltr'>«ταῦτα</span> <span class='ocrx_word' id='word_1_163' title='bbox 420 2509 477 2589; x_wconf 83' lang='grc' dir='ltr'><strong><em>γὰρ</em></strong></span> <span class='ocrx_word' id='word_1_164' title='bbox 502 2501 580 2568; x_wconf 73' lang='grc' dir='ltr'><strong>οὕτω</strong></span> <span class='ocrx_word' id='word_1_165' title='bbox 603 2515 668 2577; x_wconf 84' lang='grc' dir='ltr'><strong>τοῖς</strong></span> <span class='ocrx_word' id='word_1_166' title='bbox 691 2527 723 2569; x_wconf 81' lang='grc' dir='ltr'><strong><em>τε</em></strong></span> <span class='ocrx_word' id='word_1_167' title='bbox 747 2506 865 2569; x_wconf 81' lang='grc' dir='ltr'>πλείοσι</span> <span class='ocrx_word' id='word_1_168' title='bbox 887 2509 941 2569; x_wconf 79' lang='grc' dir='ltr'><strong><em>καὶ</em></strong></span> <span class='ocrx_word' id='word_1_169' title='bbox 963 2517 1028 2577; x_wconf 84' lang='grc' dir='ltr'><strong>τοῖς</strong></span> <span class='ocrx_word' id='word_1_170' title='bbox 1051 2503 1305 2588; x_wconf 73' lang='grc' dir='ltr'>ἀξιοπιστοτὲροις</span> 
     </span>
     <span class='ocr_line' id='line_1_21' title="bbox 127 2610 1304 2696; baseline 0.002 -22"><span class='ocrx_word' id='word_1_171' title='bbox 127 2615 330 2695; x_wconf 72' lang='grc' dir='ltr'><strong><em>γέγραπται».</em></strong></span> <span class='ocrx_word' id='word_1_172' title='bbox 377 2610 447 2675; x_wconf 88' lang='lat' dir='ltr'><strong><em>Nec</em></strong></span> <span class='ocrx_word' id='word_1_173' title='bbox 470 2616 583 2676; x_wconf 88' lang='lat' dir='ltr'><strong><em>tamen</em></strong></span> <span class='ocrx_word' id='word_1_174' title='bbox 616 2611 762 2676; x_wconf 88' lang='lat' dir='ltr'><strong><em>dubitari</em></strong></span> <span class='ocrx_word' id='word_1_175' title='bbox 788 2615 906 2696; x_wconf 87' lang='lat' dir='ltr'><strong><em>potest,</em></strong></span> <span class='ocrx_word' id='word_1_176' title='bbox 938 2611 1021 2695; x_wconf 92' lang='lat' dir='ltr'><strong><em>quin</em></strong></span> <span class='ocrx_word' id='word_1_177' title='bbox 1045 2631 1092 2690; x_wconf 88' lang='lat' dir='ltr'><strong><em>aa,</em></strong></span> <span class='ocrx_word' id='word_1_178' title='bbox 1117 2630 1204 2696; x_wconf 88' lang='lat' dir='ltr'><strong><em>quae</em></strong></span> <span class='ocrx_word' id='word_1_179' title='bbox 1226 2610 1304 2677; x_wconf 86' lang='lat' dir='ltr'><strong><em>Vel·</em></strong></span> 
     </span>
     <span class='ocr_line' id='line_1_22' title="bbox 125 2715 1306 2802; baseline 0 -21"><span class='ocrx_word' id='word_1_180' title='bbox 125 2715 212 2782; x_wconf 90' lang='lat' dir='ltr'><strong><em>leius</em></strong></span> <span class='ocrx_word' id='word_1_181' title='bbox 228 2722 329 2801; x_wconf 87' lang='lat' dir='ltr'><strong><em>atque</em></strong></span> <span class='ocrx_word' id='word_1_182' title='bbox 344 2715 523 2782; x_wconf 84' lang='lat' dir='ltr'><strong><em>Suetonius</em></strong></span> <span class='ocrx_word' id='word_1_183' title='bbox 544 2717 723 2781; x_wconf 84' lang='lat' dir='ltr'><strong><em>memoriae</em></strong></span> <span class='ocrx_word' id='word_1_184' title='bbox 746 2716 974 2802; x_wconf 89' lang='lat' dir='ltr'><strong><em>prodiderunt,</em></strong></span> <span class='ocrx_word' id='word_1_185' title='bbox 998 2716 1213 2802; x_wconf 88' lang='lat' dir='ltr'><strong><em>praeferenda</em></strong></span> <span class='ocrx_word' id='word_1_186' title='bbox 1237 2718 1306 2783; x_wconf 90' lang='lat' dir='ltr'><strong><em>sint</em></strong></span> 
     </span>
     <span class='ocr_line' id='line_1_23' title="bbox 126 2821 1305 2908; baseline 0.002 -22"><span class='ocrx_word' id='word_1_187' title='bbox 126 2821 245 2886; x_wconf 89' lang='lat' dir='ltr'><strong><em>Dionis</em></strong></span> <span class='ocrx_word' id='word_1_188' title='bbox 280 2822 491 2908; x_wconf 88' lang='lat' dir='ltr'><strong><em>explicationi</em></strong></span> <span class='ocrx_word' id='word_1_189' title='bbox 523 2828 556 2888; x_wconf 87' lang='lat' dir='ltr'><strong><em>et</em></strong></span> <span class='ocrx_word' id='word_1_190' title='bbox 585 2822 701 2887; x_wconf 81' lang='lat' dir='ltr'><strong><em>Taciti.</em></strong></span> <span class='ocrx_word' id='word_1_191' title='bbox 749 2823 838 2887; x_wconf 85' lang='lat' dir='ltr'><strong><em>Nam</em></strong></span> <span class='ocrx_word' id='word_1_192' title='bbox 867 2823 933 2901; x_wconf 90' lang='lat' dir='ltr'><strong><em>hic,</em></strong></span> <span class='ocrx_word' id='word_1_193' title='bbox 968 2829 1008 2887; x_wconf 94' lang='grc' dir='ltr'><strong><em>ιιι</em></strong></span> <span class='ocrx_word' id='word_1_194' title='bbox 1041 2823 1078 2887; x_wconf 83' lang='lat' dir='ltr'><strong><em>in</em></strong></span> <span class='ocrx_word' id='word_1_195' title='bbox 1110 2823 1182 2888; x_wconf 89' lang='lat' dir='ltr'><strong><em>aliis</em></strong></span> <span class='ocrx_word' id='word_1_196' title='bbox 1205 2823 1305 2888; x_wconf 90' lang='lat' dir='ltr'><strong><em>rebus</em></strong></span> 
     </span>
     <span class='ocr_line' id='line_1_24' title="bbox 125 2926 1305 3015; baseline 0.002 -24"><span class='ocrx_word' id='word_1_197' title='bbox 125 2926 303 2993; x_wconf 87' lang='lat' dir='ltr'><strong><em>narrandis</em></strong></span> <span class='ocrx_word' id='word_1_198' title='bbox 336 2929 464 2994; x_wconf 87' lang='lat' dir='ltr'><strong><em>alienus</em></strong></span> <span class='ocrx_word' id='word_1_199' title='bbox 497 2935 567 2994; x_wconf 88' lang='lat' dir='ltr'><strong><em>erat</em></strong></span> <span class='ocrx_word' id='word_1_200' title='bbox 596 2949 617 2994; x_wconf 92' lang='lat' dir='ltr'><strong><em>a</em></strong></span> <span class='ocrx_word' id='word_1_201' title='bbox 646 2928 788 3008; x_wconf 82' lang='lat' dir='ltr'><strong><em>Tiberin,</em></strong></span> <span class='ocrx_word' id='word_1_202' title='bbox 821 2929 868 2993; x_wconf 85' lang='lat' dir='ltr'><strong><em>ita</em></strong></span> <span class='ocrx_word' id='word_1_203' title='bbox 898 2929 935 2993; x_wconf 86' lang='lat' dir='ltr'><strong><em>in</em></strong></span> <span class='ocrx_word' id='word_1_204' title='bbox 957 2928 1022 2994; x_wconf 88' lang='lat' dir='ltr'><strong><em>hac</em></strong></span> <span class='ocrx_word' id='word_1_205' title='bbox 1045 2930 1183 2994; x_wconf 90' lang='lat' dir='ltr'><strong><em>materia</em></strong></span> <span class='ocrx_word' id='word_1_206' title='bbox 1206 2929 1305 3015; x_wconf 83' lang='lat' dir='ltr'><strong><em>expli-</em></strong></span> 
     </span>
     <span class='ocr_line' id='line_1_25' title="bbox 126 3033 1306 3121; baseline 0.001 -22"><span class='ocrx_word' id='word_1_207' title='bbox 126 3033 236 3099; x_wconf 87' lang='lat' dir='ltr'><strong><em>canda</em></strong></span> <span class='ocrx_word' id='word_1_208' title='bbox 259 3034 289 3098; x_wconf 89' lang='lat' dir='ltr'><strong><em>ei</em></strong></span> <span class='ocrx_word' id='word_1_209' title='bbox 311 3041 362 3099; x_wconf 90' lang='lat' dir='ltr'><strong><em>est</em></strong></span> <span class='ocrx_word' id='word_1_210' title='bbox 382 3035 530 3120; x_wconf 89' lang='lat' dir='ltr'><strong><em>iniquus.</em></strong></span> <span class='ocrx_word' id='word_1_211' title='bbox 574 3035 692 3120; x_wconf 87' lang='lat' dir='ltr'><strong><em>Neque</em></strong></span> <span class='ocrx_word' id='word_1_212' title='bbox 715 3034 805 3099; x_wconf 91' lang='lat' dir='ltr'><strong><em>enim</em></strong></span> <span class='ocrx_word' id='word_1_213' title='bbox 830 3055 971 3120; x_wconf 87' lang='lat' dir='ltr'><strong><em>eaquae</em></strong></span> <span class='ocrx_word' id='word_1_214' title='bbox 994 3035 1098 3115; x_wconf 85' lang='lat' dir='ltr'><strong><em>affert,</em></strong></span> <span class='ocrx_word' id='word_1_215' title='bbox 1123 3042 1161 3100; x_wconf 90' lang='grc' dir='ltr'><strong><em>ιιι</em></strong></span> <span class='ocrx_word' id='word_1_216' title='bbox 1183 3035 1306 3121; x_wconf 86' lang='lat' dir='ltr'><strong><em>legenti</em></strong></span> 
     </span>
     <span class='ocr_line' id='line_1_26' title="bbox 126 3139 1304 3227; baseline 0.003 -24"><span class='ocrx_word' id='word_1_217' title='bbox 126 3139 325 3224; x_wconf 87' lang='lat' dir='ltr'><strong><em>persuadeat</em></strong></span> <span class='ocrx_word' id='word_1_218' title='bbox 358 3141 552 3227; x_wconf 89' lang='lat' dir='ltr'><strong><em>Augustum</em></strong></span> <span class='ocrx_word' id='word_1_219' title='bbox 582 3164 602 3207; x_wconf 87' lang='lat' dir='ltr'><strong><em>a</em></strong></span> <span class='ocrx_word' id='word_1_220' title='bbox 636 3142 768 3208; x_wconf 89' lang='lat' dir='ltr'><strong><em>Tiberio</em></strong></span> <span class='ocrx_word' id='word_1_221' title='bbox 801 3143 990 3208; x_wconf 84' lang='lat' dir='ltr'><strong><em>exanimem</em></strong></span> <span class='ocrx_word' id='word_1_222' title='bbox 1026 3163 1097 3208; x_wconf 89' lang='lat' dir='ltr'><strong><em>esse</em></strong></span> <span class='ocrx_word' id='word_1_223' title='bbox 1126 3149 1304 3227; x_wconf 85' lang='lat' dir='ltr'><strong><em>repertum,</em></strong></span> 
     </span>
     <span class='ocr_line' id='line_1_27' title="bbox 127 3243 1306 3333; baseline 0.003 -24"><span class='ocrx_word' id='word_1_224' title='bbox 127 3243 229 3310; x_wconf 87' lang='lat' dir='ltr'><strong><em>ullius</em></strong></span> <span class='ocrx_word' id='word_1_225' title='bbox 246 3252 326 3312; x_wconf 92' lang='lat' dir='ltr'><strong><em>sunt</em></strong></span> <span class='ocrx_word' id='word_1_226' title='bbox 341 3249 512 3328; x_wconf 85' lang='lat' dir='ltr'><strong><em>momenti,</em></strong></span> <span class='ocrx_word' id='word_1_227' title='bbox 530 3247 621 3333; x_wconf 91' lang='lat' dir='ltr'><strong><em>quod</em></strong></span> <span class='ocrx_word' id='word_1_228' title='bbox 636 3249 706 3315; x_wconf 87' lang='lat' dir='ltr'><strong><em>veri</em></strong></span> <span class='ocrx_word' id='word_1_229' title='bbox 721 3254 771 3314; x_wconf 86' lang='lat' dir='ltr'><strong><em>est</em></strong></span> <span class='ocrx_word' id='word_1_230' title='bbox 787 3248 996 3314; x_wconf 91' lang='lat' dir='ltr'><strong><em>simillimum</em></strong></span> <span class='ocrx_word' id='word_1_231' title='bbox 1009 3248 1140 3315; x_wconf 88' lang='lat' dir='ltr'><strong><em>Liviam</em></strong></span> <span class='ocrx_word' id='word_1_232' title='bbox 1151 3248 1306 3313; x_wconf 90' lang='lat' dir='ltr'><strong><em>homines</em></strong></span> 
     </span>
     <span class='ocr_line' id='line_1_28' title="bbox 127 3350 1306 3441; baseline 0.003 -26"><span class='ocrx_word' id='word_1_233' title='bbox 127 3350 171 3415; x_wconf 93' lang='lat' dir='ltr'><strong><em>ab</em></strong></span> <span class='ocrx_word' id='word_1_234' title='bbox 195 3350 343 3438; x_wconf 84' lang='lat' dir='ltr'><strong><em>Augusti</em></strong></span> <span class='ocrx_word' id='word_1_235' title='bbox 377 3352 476 3419; x_wconf 91' lang='lat' dir='ltr'><strong><em>domo</em></strong></span> <span class='ocrx_word' id='word_1_236' title='bbox 508 3353 735 3440; x_wconf 87' lang='lat' dir='ltr'><strong><em>prohibuisse,</em></strong></span> <span class='ocrx_word' id='word_1_237' title='bbox 772 3361 810 3420; x_wconf 91' lang='grc' dir='ltr'><strong><em>ιιι</em></strong></span> <span class='ocrx_word' id='word_1_238' title='bbox 842 3355 1025 3421; x_wconf 89' lang='lat' dir='ltr'><strong><em>valetudini</em></strong></span> <span class='ocrx_word' id='word_1_239' title='bbox 1055 3356 1126 3421; x_wconf 89' lang='lat' dir='ltr'><strong><em>eius</em></strong></span> <span class='ocrx_word' id='word_1_240' title='bbox 1156 3360 1306 3441; x_wconf 86' lang='lat' dir='ltr'><strong><em>parceret</em></strong></span> 
     </span>
     <span class='ocr_line' id='line_1_29' title="bbox 126 3452 1306 3544; baseline 0.003 -22"><span class='ocrx_word' id='word_1_241' title='bbox 126 3452 179 3541; x_wconf 84' lang='lat' dir='ltr'><strong><em>(cf.</em></strong></span> <span class='ocrx_word' id='word_1_242' title='bbox 214 3456 341 3525; x_wconf 82' lang='lat' dir='ltr'><strong><em>Sievers</em></strong></span> <span class='ocrx_word' id='word_1_243' title='bbox 371 3480 403 3544; x_wconf 93' lang='lat' dir='ltr'><strong><em>p.</em></strong></span> <span class='ocrx_word' id='word_1_244' title='bbox 433 3455 495 3544; x_wconf 78' lang='lat'>12).</span> <span class='ocrx_word' id='word_1_245' title='bbox 553 3460 617 3525; x_wconf 91' lang='lat' dir='ltr'><strong><em>Dio</em></strong></span> <span class='ocrx_word' id='word_1_246' title='bbox 649 3467 764 3526; x_wconf 89' lang='lat' dir='ltr'><strong><em>autem</em></strong></span> <span class='ocrx_word' id='word_1_247' title='bbox 794 3460 911 3526; x_wconf 91' lang='lat' dir='ltr'><strong><em>eodem</em></strong></span> <span class='ocrx_word' id='word_1_248' title='bbox 948 3481 1016 3544; x_wconf 91' lang='lat' dir='ltr'><strong><em>quo</em></strong></span> <span class='ocrx_word' id='word_1_249' title='bbox 1045 3461 1181 3526; x_wconf 85' lang='lat' dir='ltr'><strong><em>Tacitus</em></strong></span> <span class='ocrx_word' id='word_1_250' title='bbox 1213 3461 1306 3526; x_wconf 83' lang='lat' dir='ltr'><strong><em>fonte</em></strong></span> 
     </span>
     <span class='ocr_line' id='line_1_30' title="bbox 126 3562 1305 3653; baseline 0.003 -26"><span class='ocrx_word' id='word_1_251' title='bbox 126 3563 192 3627; x_wconf 90' lang='lat' dir='ltr'><strong><em>hoc</em></strong></span> <span class='ocrx_word' id='word_1_252' title='bbox 216 3562 288 3628; x_wconf 92' lang='lat' dir='ltr'><strong><em>loco</em></strong></span> <span class='ocrx_word' id='word_1_253' title='bbox 311 3585 393 3629; x_wconf 91' lang='lat' dir='ltr'><strong><em>usus</em></strong></span> <span class='ocrx_word' id='word_1_254' title='bbox 409 3565 538 3630; x_wconf 89' lang='lat' dir='ltr'><strong><em>minore</em></strong></span> <span class='ocrx_word' id='word_1_255' title='bbox 555 3586 633 3630; x_wconf 92' lang='lat' dir='ltr'><strong><em>cum</em></strong></span> <span class='ocrx_word' id='word_1_256' title='bbox 649 3565 821 3650; x_wconf 88' lang='lat' dir='ltr'><strong><em>diligentia</em></strong></span> <span class='ocrx_word' id='word_1_257' title='bbox 837 3587 915 3631; x_wconf 91' lang='lat' dir='ltr'><strong><em>eum</em></strong></span> <span class='ocrx_word' id='word_1_258' title='bbox 932 3566 1105 3653; x_wconf 87' lang='lat' dir='ltr'><strong><em>exscripsit</em></strong></span> <span class='ocrx_word' id='word_1_259' title='bbox 1120 3565 1172 3651; x_wconf 87' lang='lat' dir='ltr'><strong><em>(cf.</em></strong></span> <span class='ocrx_word' id='word_1_260' title='bbox 1189 3567 1305 3631; x_wconf 90' lang='lat' dir='ltr'><strong><em>Horst·</em></strong></span> 
     </span>
     <span class='ocr_line' id='line_1_31' title="bbox 127 3668 1303 3758; baseline 0.002 -24"><span class='ocrx_word' id='word_1_261' title='bbox 127 3668 269 3735; x_wconf 80' lang='grc' dir='ltr'><strong><em>ιιιαιιιι10</em></strong></span> <span class='ocrx_word' id='word_1_262' title='bbox 291 3691 324 3756; x_wconf 91' lang='lat' dir='ltr'><strong><em>p.</em></strong></span> <span class='ocrx_word' id='word_1_263' title='bbox 352 3672 393 3736; x_wconf 89' lang='grc'><strong><em>19</em></strong></span> <span class='ocrx_word' id='word_1_264' title='bbox 416 3677 450 3736; x_wconf 89' lang='lat' dir='ltr'><strong><em>et</em></strong></span> <span class='ocrx_word' id='word_1_265' title='bbox 473 3670 546 3757; x_wconf 81' lang='lat'><strong>22);</strong></span> <span class='ocrx_word' id='word_1_266' title='bbox 571 3672 631 3756; x_wconf 91' lang='lat' dir='ltr'><strong><em>qui</em></strong></span> <span class='ocrx_word' id='word_1_267' title='bbox 653 3673 729 3738; x_wconf 90' lang='lat' dir='ltr'><strong><em>fons</em></strong></span> <span class='ocrx_word' id='word_1_268' title='bbox 752 3694 856 3758; x_wconf 89' lang='lat' dir='ltr'><strong><em>quam</em></strong></span> <span class='ocrx_word' id='word_1_269' title='bbox 880 3672 1017 3758; x_wconf 90' lang='lat' dir='ltr'><strong><em>iniquus</em></strong></span> <span class='ocrx_word' id='word_1_270' title='bbox 1040 3673 1172 3738; x_wconf 89' lang='lat' dir='ltr'><strong><em>Tiberio</em></strong></span> <span class='ocrx_word' id='word_1_271' title='bbox 1195 3672 1303 3750; x_wconf 86' lang='lat' dir='ltr'><strong><em>fuerit,</em></strong></span> 
     </span>
     <span class='ocr_line' id='line_1_32' title="bbox 127 3775 1305 3862; baseline 0.001 -22"><span class='ocrx_word' id='word_1_272' title='bbox 127 3775 193 3840; x_wconf 89' lang='lat' dir='ltr'><strong><em>alio</em></strong></span> <span class='ocrx_word' id='word_1_273' title='bbox 217 3776 289 3841; x_wconf 91' lang='lat' dir='ltr'><strong><em>loco</em></strong></span> <span class='ocrx_word' id='word_1_274' title='bbox 311 3776 536 3844; x_wconf 88' lang='lat' dir='ltr'><strong><em>ostendemus.</em></strong></span> <span class='ocrx_word' id='word_1_275' title='bbox 567 3778 637 3844; x_wconf 89' lang='lat' dir='ltr'><strong><em>Nec</em></strong></span> <span class='ocrx_word' id='word_1_276' title='bbox 660 3800 737 3846; x_wconf 87' lang='lat' dir='ltr'><strong><em>vero</em></strong></span> <span class='ocrx_word' id='word_1_277' title='bbox 760 3779 913 3844; x_wconf 85' lang='lat' dir='ltr'><strong><em>modain</em></strong></span> <span class='ocrx_word' id='word_1_278' title='bbox 936 3784 1042 3842; x_wconf 91' lang='lat' dir='ltr'><strong><em>morte</em></strong></span> <span class='ocrx_word' id='word_1_279' title='bbox 1064 3777 1210 3862; x_wconf 83' lang='lat' dir='ltr'><strong><em>Augusti</em></strong></span> <span class='ocrx_word' id='word_1_280' title='bbox 1232 3798 1305 3842; x_wconf 89' lang='lat' dir='ltr'><strong><em>nar-</em></strong></span> 
     </span>
     <span class='ocr_line' id='line_1_33' title="bbox 127 3881 1302 3969; baseline 0.003 -24"><span class='ocrx_word' id='word_1_281' title='bbox 127 3881 234 3946; x_wconf 89' lang='lat' dir='ltr'><strong><em>randa</em></strong></span> <span class='ocrx_word' id='word_1_282' title='bbox 265 3881 402 3947; x_wconf 89' lang='lat' dir='ltr'><strong><em>Tacitus</em></strong></span> <span class='ocrx_word' id='word_1_283' title='bbox 432 3889 533 3967; x_wconf 89' lang='lat' dir='ltr'><strong><em>atque</em></strong></span> <span class='ocrx_word' id='word_1_284' title='bbox 554 3884 619 3948; x_wconf 90' lang='lat' dir='ltr'><strong><em>Dio</em></strong></span> <span class='ocrx_word' id='word_1_285' title='bbox 647 3904 667 3947; x_wconf 93' lang='lat' dir='ltr'><strong><em>a</em></strong></span> <span class='ocrx_word' id='word_1_286' title='bbox 689 3883 818 3950; x_wconf 91' lang='lat' dir='ltr'><strong><em>Velleio</em></strong></span> <span class='ocrx_word' id='word_1_287' title='bbox 840 3883 1038 3969; x_wconf 81' lang='lat' dir='ltr'><strong><em>discrepent,</em></strong></span> <span class='ocrx_word' id='word_1_288' title='bbox 1064 3882 1121 3948; x_wconf 89' lang='lat' dir='ltr'><strong><em>sed</em></strong></span> <span class='ocrx_word' id='word_1_289' title='bbox 1145 3882 1244 3947; x_wconf 88' lang='lat' dir='ltr'><strong><em>etiam</em></strong></span> <span class='ocrx_word' id='word_1_290' title='bbox 1267 3883 1302 3948; x_wconf 87' lang='lat' dir='ltr'><strong><em>in</em></strong></span> 
     </span>
     <span class='ocr_line' id='line_1_34' title="bbox 127 3986 1304 4073; baseline 0.003 -22"><span class='ocrx_word' id='word_1_291' title='bbox 127 3986 255 4052; x_wconf 88' lang='lat' dir='ltr'><strong><em>ratione</em></strong></span> <span class='ocrx_word' id='word_1_292' title='bbox 278 3986 505 4068; x_wconf 88' lang='lat' dir='ltr'><strong><em>describenda,</em></strong></span> <span class='ocrx_word' id='word_1_293' title='bbox 529 4010 615 4073; x_wconf 92' lang='lat' dir='ltr'><strong><em>quae</em></strong></span> <span class='ocrx_word' id='word_1_294' title='bbox 630 3989 679 4054; x_wconf 86' lang='lat' dir='ltr'><strong><em>illi</em></strong></span> <span class='ocrx_word' id='word_1_295' title='bbox 701 3989 921 4056; x_wconf 88' lang='lat' dir='ltr'><strong><em>intercesserit</em></strong></span> <span class='ocrx_word' id='word_1_296' title='bbox 944 4009 1023 4054; x_wconf 90' lang='lat' dir='ltr'><strong><em>cum</em></strong></span> <span class='ocrx_word' id='word_1_297' title='bbox 1038 3989 1180 4055; x_wconf 86' lang='lat' dir='ltr'><strong><em>Tiberio.</em></strong></span> <span class='ocrx_word' id='word_1_298' title='bbox 1216 3989 1304 4055; x_wconf 88' lang='lat' dir='ltr'><strong><em>Nam</em></strong></span> 
     </span>
     <span class='ocr_line' id='line_1_35' title="bbox 127 4090 1305 4181; baseline 0.004 -25"><span class='ocrx_word' id='word_1_299' title='bbox 127 4090 277 4157; x_wconf 87' lang='lat' dir='ltr'><strong><em>Velleius</em></strong></span> <span class='ocrx_word' id='word_1_300' title='bbox 292 4092 464 4159; x_wconf 88' lang='lat' dir='ltr'><strong><em>Tiberium</em></strong></span> <span class='ocrx_word' id='word_1_301' title='bbox 487 4116 621 4161; x_wconf 87' lang='lat' dir='ltr'><strong><em>summo</em></strong></span> <span class='ocrx_word' id='word_1_302' title='bbox 643 4096 681 4162; x_wconf 91' lang='lat' dir='ltr'><strong><em>in</em></strong></span> <span class='ocrx_word' id='word_1_303' title='bbox 703 4117 816 4161; x_wconf 88' lang='lat' dir='ltr'><strong><em>amore</em></strong></span> <span class='ocrx_word' id='word_1_304' title='bbox 837 4117 877 4162; x_wconf 88' lang='lat' dir='ltr'><strong><em>ac</em></strong></span> <span class='ocrx_word' id='word_1_305' title='bbox 898 4097 1010 4162; x_wconf 87' lang='lat' dir='ltr'><strong><em>favore</em></strong></span> <span class='ocrx_word' id='word_1_306' title='bbox 1026 4096 1179 4181; x_wconf 85' lang='lat' dir='ltr'><strong><em>Augusto</em></strong></span> <span class='ocrx_word' id='word_1_307' title='bbox 1202 4096 1305 4161; x_wconf 89' lang='lat' dir='ltr'><strong><em>fuisse</em></strong></span> 
     </span>
     <span class='ocr_line' id='line_1_36' title="bbox 127 4195 1304 4285; baseline 0.002 -23"><span class='ocrx_word' id='word_1_308' title='bbox 127 4204 241 4263; x_wconf 79' lang='lat' dir='ltr'><strong><em>narrat</em></strong></span> <span class='ocrx_word' id='word_1_309' title='bbox 272 4195 324 4284; x_wconf 88' lang='lat' dir='ltr'><strong><em>(cf.</em></strong></span> <span class='ocrx_word' id='word_1_310' title='bbox 360 4201 432 4278; x_wconf 83' lang='lat'>123,</span> <span class='ocrx_word' id='word_1_311' title='bbox 467 4202 487 4266; x_wconf 79' lang='lat'>2</span> <span class='ocrx_word' id='word_1_312' title='bbox 524 4205 704 4268; x_wconf 65' lang='lat' dir='ltr'><strong><em>«consumi</em></strong></span> <span class='ocrx_word' id='word_1_313' title='bbox 736 4204 799 4268; x_wconf 81' lang='lat' dir='ltr'><strong><em>sibi</em></strong></span> <span class='ocrx_word' id='word_1_314' title='bbox 829 4200 1007 4285; x_wconf 65' lang='lat' dir='ltr'><strong><em>spiritum),</em></strong></span> <span class='ocrx_word' id='word_1_315' title='bbox 1033 4202 1168 4267; x_wconf 89' lang='lat' dir='ltr'><strong><em>Tacitus</em></strong></span> <span class='ocrx_word' id='word_1_316' title='bbox 1191 4207 1304 4265; x_wconf 87' lang='lat' dir='ltr'><strong><em>autem</em></strong></span> 
     </span>
     <span class='ocr_line' id='line_1_37' title="bbox 128 4298 1304 4394; baseline 0.004 -29"><span class='ocrx_word' id='word_1_317' title='bbox 128 4298 218 4387; x_wconf 84' lang='lat' dir='ltr'><strong><em>(ann.</em></strong></span> <span class='ocrx_word' id='word_1_318' title='bbox 244 4302 270 4382; x_wconf 88' lang='lat' dir='ltr'><strong><em>I,</em></strong></span> <span class='ocrx_word' id='word_1_319' title='bbox 295 4299 328 4389; x_wconf 82' lang='lat'><strong><em>5)</em></strong></span> <span class='ocrx_word' id='word_1_320' title='bbox 352 4310 385 4369; x_wconf 89' lang='lat' dir='ltr'><strong><em>et</em></strong></span> <span class='ocrx_word' id='word_1_321' title='bbox 406 4305 470 4371; x_wconf 88' lang='lat' dir='ltr'><strong><em>Dio</em></strong></span> <span class='ocrx_word' id='word_1_322' title='bbox 494 4305 558 4392; x_wconf 78' lang='lat'><strong>(56,</strong></span> <span class='ocrx_word' id='word_1_323' title='bbox 583 4307 639 4394; x_wconf 82' lang='lat'><strong><em>45)</em></strong></span> <span class='ocrx_word' id='word_1_324' title='bbox 671 4313 806 4372; x_wconf 86' lang='lat' dir='ltr'><strong><em>tantum</em></strong></span> <span class='ocrx_word' id='word_1_325' title='bbox 840 4306 943 4386; x_wconf 88' lang='lat' dir='ltr'><strong><em>abest,</em></strong></span> <span class='ocrx_word' id='word_1_326' title='bbox 976 4314 1015 4372; x_wconf 93' lang='lat' dir='ltr'><strong><em>ut</em></strong></span> <span class='ocrx_word' id='word_1_327' title='bbox 1046 4307 1304 4372; x_wconf 86' lang='lat' dir='ltr'><strong><em>familiaritatem</em></strong></span> 
     </span>
     <span class='ocr_line' id='line_1_38' title="bbox 127 4407 1305 4499; baseline 0.002 -27"><span class='ocrx_word' id='word_1_328' title='bbox 127 4407 261 4474; x_wconf 88' lang='lat' dir='ltr'><strong><em>Tiberio</em></strong></span> <span class='ocrx_word' id='word_1_329' title='bbox 293 4430 372 4474; x_wconf 92' lang='lat' dir='ltr'><strong><em>cum</em></strong></span> <span class='ocrx_word' id='word_1_330' title='bbox 395 4409 550 4498; x_wconf 86' lang='lat' dir='ltr'><strong><em>Augusto</em></strong></span> <span class='ocrx_word' id='word_1_331' title='bbox 582 4413 804 4480; x_wconf 87' lang='lat' dir='ltr'><strong><em>intercessisse</em></strong></span> <span class='ocrx_word' id='word_1_332' title='bbox 827 4414 1026 4499; x_wconf 80' lang='lat' dir='ltr'><strong><em>putaverint,</em></strong></span> <span class='ocrx_word' id='word_1_333' title='bbox 1055 4420 1094 4478; x_wconf 91' lang='lat' dir='ltr'><strong><em>ut</em></strong></span> <span class='ocrx_word' id='word_1_334' title='bbox 1116 4431 1240 4497; x_wconf 85' lang='lat' dir='ltr'><strong><em>magna</em></strong></span> <span class='ocrx_word' id='word_1_335' title='bbox 1263 4433 1305 4474; x_wconf 85' lang='lat' dir='ltr'><strong><em>ex</em></strong></span> 
     </span>
    </p>
   </div>
   <div class='ocr_carea' id='block_1_3' title="bbox 0 0 1548 5050">
    <p class='ocr_par' dir='ltr' id='par_1_3' title="bbox 0 0 1548 5050">
     <span class='ocr_line' id='line_1_39' title="bbox 0 0 1548 5050; baseline 0 0"><span class='ocrx_word' id='word_1_336' title='bbox 0 0 1548 5050; x_wconf 95' lang='lat' dir='ltr'><strong><em> </em></strong></span> 
     </span>
    </p>
   </div>
  </div>
 </body>
</html>
