3084 5050
689 417 910 480 -56-

212 615 353 698 spueret.
399 609 452 676 Ita
483 608 664 688 Tiberium,
697 607 762 675 nisi
794 608 1031 675 Germanicum
1067 609 1243 689 timuisset,
1277 630 1394 696 neque

212 735 303 782 enno
340 716 382 781 14
415 736 558 802 regnum
592 715 796 782 recusavisse
829 714 943 782 scribit
978 735 1088 800 neque
1122 715 1220 780 annis
1258 718 1393 782 14-19

212 842 284 888 rem
321 819 491 908 publicam
532 819 618 887 bene
659 819 952 890 administravissc.
1007 819 1106 898 Quod
1153 821 1275 888 falsum
1319 843 1394 888 esse

212 947 314 1015 supra
347 925 550 1013 explicatum
585 930 650 1005 est;
686 925 727 991 cf.
763 947 796 1012 p.
832 927 875 992 26
891 945 962 1012 sqq.
1011 925 1183 992 Praeterea
1216 926 1393 993 Tiberium

211 1053 303 1099 nnnc
334 1038 453 1119 quarto
484 1054 516 1118 p.
550 1030 627 1096 Chr.
664 1052 697 1097 n.
733 1031 777 1096 ab
800 1030 963 1117 Augusto,
1000 1036 1038 1097 ut
1062 1030 1303 1098 Germanicum
1333 1032 1392 1099 ad·

213 1145 350 1226 optaret,
375 1143 528 1204 coactum
552 1157 624 1202 esse
646 1136 761 1203 scribit
783 1137 837 1216 55,
864 1138 915 1216 13,
940 1157 983 1202 ne
1005 1137 1110 1223 ipsius
1135 1137 1314 1224 adoptione
1341 1139 1394 1206 in-

213 1244 399 1323 solesceret;
431 1243 473 1309 cf.
502 1242 566 1309 Dio
589 1245 642 1324 55,
668 1244 719 1309 31.
768 1243 864 1320 Quae
885 1243 1003 1309 Dionis
1033 1244 1199 1310 sententia
1230 1244 1394 1313 refellitur

213 1355 246 1414 et
268 1349 372 1436 ipsius
404 1348 513 1416 verbis
547 1369 633 1434 quae
665 1354 745 1414 sunt
774 1348 827 1429 55,
855 1349 909 1414 13:
942 1348 1005 1414 uin
1029 1351 1141 1416 τοὺτων
1171 1347 1394 1440 ἐπιθαρρήσας

213 1449 292 1539 (scil.
317 1452 504 1543 Augustus)
536 1453 579 1528 ὡς
610 1459 665 1521 καὶ
695 1455 861 1541 διαδόχους
884 1458 938 1521 nul
961 1457 1100 1540 βοηθοὺς
1123 1454 1205 1543 ἔχων
1228 1463 1261 1521 et
1283 1457 1393 1523 Taciti

213 1581 291 1626 ann.
317 1562 342 1642 I,
368 1563 398 1642 3,
427 1561 489 1648 qui
510 1560 704 1648 Augustum
734 1560 973 1627 Germanicum
998 1560 1131 1627 Tiberio
1158 1561 1393 1649 adoptandum

213 1666 343 1734 dedisse
366 1667 480 1734 scribit
506 1691 585 1752 «quo
601 1669 753 1750 pluribus
775 1670 978 1734 munimentis
1002 1670 1192 1735 insisteret».

302 1773 371 1840 Nec
393 1794 471 1841 vero
494 1774 601 1839 maior
622 1772 705 1839 fides
729 1794 832 1859 quam
856 1773 973 1839 Dionis
997 1772 1148 1840 Suetonii
1176 1774 1393 1862 descriptioni

212 1877 369 1944 habenda
397 1884 454 1945 est.
502 1877 607 1944 Cuius
639 1879 741 1946 verba
773 1878 845 1945 Tib.
871 1880 927 1946 52:
966 1882 1062 1946 «adeo
1095 1882 1277 1948 obtrectasti
1307 1880 1390 1968 (scil.

212 1984 364 2050 Tiberius
388 1981 609 2072 Germanico),
634 1992 670 2050 ut
687 1992 717 2052 et
725 1986 900 2066 praeclara
920 1986 1009 2068 sueta
1024 1987 1093 2052 eius
1105 2008 1169 2068 pro
1184 1990 1394 2070 superuacuis

212 2092 345 2156 elevaret
374 2097 403 2156 et
427 2091 674 2174 piniasissirnas
703 2093 852 2157 uictorias
885 2112 938 2156 ceu
971 2092 1141 2158 damnosas
1170 2095 1219 2160 rei
1241 2094 1393 2176 publicae

211 2199 409 2278 increparet»
446 2215 553 2281 aeque
585 2194 783 2261 refelluntur
815 2194 915 2261 rebus
949 2193 1002 2281 (cf.
1038 2217 1069 2281 p.
1094 2198 1159 2263 28.
1194 2196 1249 2285 55)
1288 2205 1392 2284 etque

211 2321 259 2382 ee,
285 2322 372 2388 ques
404 2308 520 2369 extent
544 2301 648 2388 Oelig.
675 2303 709 2366 l:
746 2304 808 2368 «ad
839 2303 1083 2385 componendum
1113 2305 1391 2372 orientisstatunr

211 2411 392 2490 apulus„
416 2407 535 2474 iisdem
565 2407 655 2474 enim
684 2407 937 2474 condicionibus
961 2407 1181 2475 Germanicus
1210 2431 1230 2476 a
1257 2409 1391 2478 Tiberio

211 2514 248 2578 in
271 2516 431 2581 orientem
453 2514 577 2580 missus
601 2519 659 2593 est,
683 2512 807 2598 quibus
830 2533 920 2578 enno
939 2512 1047 2598 primo
1062 2534 1094 2599 p.
1112 2512 1189 2580 Ohr.
1207 2536 1240 2581 n.
1258 2516 1293 2583 0.
1312 2516 1391 2584 an-

212 2642 274 2701 sar,
299 2621 358 2707 qui
387 2621 425 2686 in
456 2642 589 2687 summo
618 2621 745 2686 honore
775 2625 845 2685 eret
875 2617 1040 2705 Augusto,
1065 2618 1109 2684 ab
1131 2620 1209 2701 hoc;
1244 2622 1283 2687 cf.
1310 2623 1388 2690 Tac.

211 2748 290 2794 ann.
316 2728 358 2808 11,
382 2730 413 2792 4.
438 2728 492 2794 43.
540 2726 639 2805 Quod
671 2731 784 2792 autem
816 2725 1006 2792 Germanici
1039 2725 1101 2791 iter
1130 2727 1168 2790 in
1196 2726 1391 2815 Aegyptum

211 2834 339 2900 factum
363 2833 628 2918 (enumerandae
653 2834 856 2917 antiquitatis
888 2852 994 2910 causa
1023 2833 1079 2896 sed
1107 2854 1186 2899 eura
1202 2837 1391 2915 prouinciae

205 2941 506 3023 praesentaturus
540 2940 617 3006 Tac.
652 2959 730 3005 ann.
755 2939 798 3019 H,
825 2933 880 3024 59)
911 2937 1065 3004 Tiberius
1093 2937 1259 3026 increpuit
1286 2939 1388 3027 (Suet.

211 3045 285 3114 Tib.
310 3043 374 3131 52),
398 3051 486 3112 recte
508 3045 599 3125 fecit3
625 3041 841 3131 nequeenim
865 3065 1070 3130 quemquam
1090 3043 1281 3132 Aegyptum
1296 3045 1389 3113 adire

211 3153 306 3219 licuit
327 3153 393 3219 nisi
414 3153 573 3240 principis
596 3152 775 3239 permissu;
810 3151 851 3217 cf.
880 3150 957 3217 Tac.
990 3172 1067 3216 ann.
1096 3150 1138 3230 Π,
1164 3151 1216 3217 59.
1263 3151 1391 3218 Pariter

212 3259 357 3344 denique
380 3259 512 3325 Tiberio
534 3257 672 3343 iniquus
705 3262 806 3342 atque
828 3255 892 3322 Dio
919 3291 963 3302 -
990 3254 1074 3321 adeo
1101 3262 1140 3321 ut
1161 3256 1233 3342 ipse
1256 3257 1319 3324 sibi
1342 3256 1389 3322 di-

211 3371 339 3452 screpet
371 3403 414 3413 —
449 3364 628 3432 Suetonius
662 3364 845 3443 invenitur,
886 3383 963 3428 cum
997 3361 1099 3430 verba
1140 3363 1263 3429 scribat
1304 3363 1389 3430 haec

214 3475 326 3539 «auxit
356 3473 493 3556 pioriarn
527 3473 781 3555 desideriumque
822 3471 963 3553 defuncti
1004 3467 1083 3555 (scil.
1125 3466 1326 3554 Germanici)
1358 3477 1389 3536 et

211 3579 362 3646 atrocitas
395 3580 627 3662 insequentium
661 3584 844 3659 temporum,
879 3577 999 3642 cunctis
1032 3596 1087 3641 nea
1114 3582 1227 3642 tenuere
1254 3577 1388 3656 opinon-

211 3687 296 3752 tibus
317 3686 493 3751 reuerentia
516 3686 584 3750 eius
608 3703 646 3749 aa
667 3689 751 3748 rnatu
767 3703 946 3762 repressam
965 3681 1086 3746 Tiberii
1107 3682 1282 3759 saeuitiam,
1306 3703 1388 3764 quae

210 3813 283 3859 rnen
306 3793 464 3873 eruperit»
491 3787 607 3876 (Calig.
633 3785 675 3874 6).

300 3897 481 3982 Reliquum
505 3903 570 3976 est,
608 3901 655 3975 ut,
691 3915 777 3980 quse
810 3894 946 3962 Tacitus
982 3893 1161 3960 memoriae
1194 3891 1387 3979 prodiderit,

211 4002 451 4069 examinemus.
499 4001 607 4078 Quem
640 4000 704 4067 sibi
731 4002 844 4086 ipsum
873 4000 1084 4087 discrepasse,
1113 4019 1192 4064 cum
1216 3998 1388 4065 Germani·

211 4131 291 4177 cum
321 4109 358 4174 in
389 4105 516 4175 invidie
540 4111 640 4192 atque
672 4105 748 4172 odio
781 4106 913 4172 Tiberio
945 4106 1047 4171 fuisse
1079 4104 1248 4182 scriberet,
1285 4124 1388 4190 supra

212 4214 414 4303 explicatum
447 4218 512 4293 est;
555 4214 596 4279 cf.
632 4233 665 4300 p.
691 4213 732 4279 27
750 4232 801 4298 sq.
849 4210 1007 4278 Similiter
1038 4217 1152 4278 eutem
1186 4216 1287 4296 etque
1318 4210 1388 4278 illic

212 4342 248 4387 se
270 4320 340 4407 ipse
362 4318 532 4404 redarguit
562 4319 635 4384 eliis
669 4317 758 4385 locis.
805 4318 857 4384 Ite
889 4338 907 4384 e
935 4316 1115 4384 Germania
1146 4317 1387 4384 Germanicum

211 4447 303 4493 anno
329 4429 367 4491 17
393 4431 583 4492 revocatum
608 4445 679 4491 csse
707 4423 833 4504 scribit,
859 4423 950 4510 quod
979 4422 1131 4489 Tiberius
1158 4422 1257 4489 rebus
1280 4422 1323 4489 ab
1347 4443 1386 4489 eo
