3084 5050
608 414 825 475 ,41-

120 604 198 668 sint
226 624 348 668 causae
376 603 497 669 allatae
528 624 644 683 necne,
674 606 854 685 examinat,
878 605 943 670 nisi
969 606 1062 691 quod
1092 608 1236 692 primam
1258 627 1304 670 re

122 710 226 789 futat,
251 731 354 795 quam
376 710 578 796 probaverat
598 711 659 791 Ν,
681 715 736 777 41.
784 711 850 776 Sed
881 712 981 778 aliam
1014 733 1150 778 causam
1182 712 1305 798 profert

122 817 314 894 abscessus,
338 837 416 882 cum
438 817 555 882 scribit
582 818 680 883 baec:
709 821 911 902 «plerumque
934 842 1127 901 persuasor,
1161 841 1239 884 uum
1261 821 1306 884 ad

122 926 237 1004 ipsum
259 925 378 1004 referri
398 927 505 989 emus
526 927 570 989 sit
591 927 757 989 rausum
779 947 817 989 cc
839 927 1003 990 labidiuem
1029 949 1101 992 cum
1114 931 1211 1010 fectis
1228 955 1305 1014 pro·

123 1037 236 1107 uteret,
259 1031 335 1094 louis
355 1031 593 1095 occultantem.
638 1029 708 1094 Nec
734 1051 812 1096 vero
841 1031 997 1096 saevitiae
1027 1032 1154 1098 crimen
1176 1037 1303 1102 iustum

123 1141 178 1199 est
200 1155 313 1219 neque
334 1134 492 1200 libidinis.
539 1135 694 1220 Namque
716 1136 888 1201 Tiberium
911 1157 981 1201 non
1004 1137 1104 1204 modo
1126 1161 1196 1206 uon
1215 1145 1304 1210 saevi

123 1241 258 1326 ingenii
279 1241 391 1319 fuisse,
416 1241 475 1305 sed
498 1241 600 1306 etiam
623 1241 724 1307 saluti
745 1243 924 1306 bominum
947 1264 1078 1330 semper
1097 1248 1305 1315 cousuluisse

123 1346 287 1412 vidimus.
333 1346 567 1412 Libidinosum
599 1354 712 1413 autem
745 1369 823 1413 enm
856 1348 959 1414 fuisse
989 1355 1067 1416 ante
1101 1373 1231 1420 annum
1261 1357 1304 1422 23

124 1453 267 1517 Tacitis
296 1453 368 1538 ipse
398 1460 499 1538 negat
519 1454 580 1532 HI,
605 1456 662 1518 37:
690 1457 807 1520 «nullis
834 1457 1046 1536 voluptatibus
1074 1468 1239 1526 onomius»
1273 1469 1306 1527 et

124 1558 188 1637 VI,
213 1559 272 1624 51:
301 1563 477 1642 ‹epreyium
500 1563 566 1625 vitu
585 1563 745 1644 fumoque,
762 1562 867 1642 quood
875 1563 1028 1641 paudus
1047 1565 1093 1629 ecl
1115 1567 1152 1630 iu
1173 1568 1304 1648 imperio

125 1666 187 1730 sub
209 1666 358 1748 Augusto
387 1667 466 1746 fud;
496 1668 650 1731 occultum
680 1689 718 1732 ec
746 1668 912 1732 subdolum
938 1669 1096 1751 fiupeudis
1124 1674 1303 1752 virtutihus,

127 1772 227 1837 donec
263 1771 476 1837 Germanias
504 1795 543 1838 ac
574 1773 707 1838 Drusus
737 1774 954 1854 superfuere».
1009 1774 1126 1860 Neque
1157 1777 1303 1864 intellegi

125 1882 247 1962 potest,
270 1898 339 1961 quo
354 1876 456 1942 modo
478 1877 606 1942 factum
630 1878 682 1957 sit,
706 1884 746 1942 ut
767 1877 929 1956 liberius,
946 1887 1123 1966 postquam
1140 1903 1199 1968 per
1213 1905 1303 1950 sexa·

127 1983 224 2066 ginta
246 1983 397 2068 quinque
419 2004 526 2049 annos
549 1985 672 2050 virtute
694 1984 858 2049 excellens
880 1985 953 2064 fuit,
977 1985 1109 2052 libidini
1132 1988 1243 2056 subito
1269 2011 1304 2056 se

129 2087 273 2154 dederet.
306 2089 382 2166 Quo
405 2089 478 2154 loco
496 2089 582 2154 nihil
605 2091 815 2175 cognoscitur
837 2091 902 2156 nisi
924 2092 1084 2177 iniquitas
1100 2094 1215 2176 Taciti,
1234 2097 1302 2183 qui,

128 2193 207 2258 licet
228 2193 299 2280 ipse
327 2195 388 2274 IIL
414 2197 454 2260 31
489 2203 522 2260 et
553 2197 597 2261 59
628 2196 800 2262 Tiberium
830 2217 922 2263 anno
947 2200 988 2263 21
1017 2200 1053 2264 in
1083 2199 1302 2288 Campaniam

128 2301 316 2385 profectum
339 2321 410 2366 esse
433 2303 617 2368 narraverit
638 2301 822 2368 firmandae
845 2324 947 2369 causa
962 2304 1172 2388 valetudinis
1190 2315 1304 2374 tamen

129 2426 243 2471 veram
268 2427 415 2486 caumm,
440 2429 499 2472 cur
521 2407 674 2474 'liberius
697 2407 840 2493 Capreas
868 2409 1069 2491 decessisset,
1098 2419 1303 2479 senectutem

128 2513 232 2578 fuisse
264 2534 334 2578 non
363 2514 568 2578 concesserit.
615 2513 743 2579 Verum
773 2515 941 2582 enimvero
969 2517 1049 2600 quia
1076 2518 1222 2603 requiete
1256 2519 1303 2584 in·

130 2617 247 2704 dignit,
281 2619 434 2685 'liberius
465 2619 605 2685 decessit
635 2641 677 2684 ex
699 2620 791 2699 urbe,
822 2627 862 2686 ut
890 2619 1099 2688 adulationes
1121 2623 1250 2709 fugeret
1272 2631 1305 2690 et

129 2725 267 2790 insidias
290 2725 343 2811 (cf.
368 2725 457 2792 Suet.
482 2725 556 2792 Tib.
582 2728 635 2794 28.
664 2729 716 2792 38.
746 2729 804 2806 59;
828 2727 892 2792 Dio
908 2729 962 2807 57,
986 2730 1017 2794 9.
1044 2731 1085 2794 14
1103 2727 1186 2816 ete),
1214 2751 1304 2817 prae-

129 2831 243 2896 sertim
267 2853 346 2896 eum
367 2831 477 2896 filium
491 2833 656 2898 amisisset
671 2833 820 2898 unicum.
852 2833 978 2910 Quare
993 2836 1130 2901 comites
1154 2836 1220 2902 fere
1234 2857 1304 2903 non

130 2937 249 3003 habuit
263 2938 329 3002 nisi
351 2938 511 3004 litteratos
536 2939 576 3004 cf.
595 2940 672 3004 Tac.
693 2959 771 3004 ann.
788 2938 849 3017 IV,
865 2939 922 3016 58;
948 2925 1072 3005 ateium
1088 2942 1155 3007 otio
1175 2963 1210 3008 se
1226 2941 1304 3009 dare

129 3043 235 3110 voluit
256 3043 409 3124 litterato,
434 3065 502 3129 quo
525 3050 675 3110 caruemt
697 3065 739 3109 ex
761 3065 829 3129 quo
844 3043 965 3111 Rhodo
988 3045 1130 3114 redierat
1147 3048 1302 3117 Romam.

18 3211 19 3214 ,
217 3149 313 3226 Quae
337 3171 415 3216 cum
437 3151 485 3216 ita
514 3151 590 3230 sint,
621 3171 691 3216 una
722 3150 911 3236 descriptio,
944 3173 1091 3237 quacum
1121 3156 1305 3241 comparari

129 3257 233 3342 possit
255 3255 438 3337 Velleiana,
462 3257 591 3342 reliqua
614 3265 664 3324 est
686 3257 833 3324 Suetoni.
877 3258 946 3335 Qui
968 3259 1041 3325 Tib.
1066 3259 1108 3324 41
1133 3261 1303 3327 'liberium

18 3359 20 3428 i
128 3363 346 3428 immutatum
370 3383 441 3428 esse
464 3363 578 3429 scribit
600 3383 691 3428 anno
715 3366 766 3430 26.
803 3365 915 3449 Atque
929 3385 981 3430 res
1001 3365 1135 3450 publiea
1151 3367 1305 3434 Romana

18 3487 19 3510 ¹
131 3474 169 3532 ut
190 3469 286 3554 peius
310 3468 606 3548 administraretur,
632 3469 703 3534 fieri
734 3470 905 3555 potuisset,
932 3471 961 3534 si
992 3491 1027 3534 re
1049 3491 1127 3538 vera
1154 3473 1305 3540 liberius

128 3595 263 3640 omnem
294 3573 342 3638 rei
368 3574 522 3660 publicae
552 3596 667 3641 curam
690 3575 872 3656 abiecisset,
896 3576 932 3643 id
963 3576 1055 3663 quod
1085 3579 1199 3646 scribit
1227 3579 1304 3646 Sue·

128 3681 250 3746 tonius.
296 3681 366 3747 Nee
397 3703 474 3748 vero
505 3682 541 3746 id
577 3703 694 3748 verum
723 3689 785 3761 est;
819 3705 968 3769 namque
1001 3684 1171 3750 liberium
1206 3685 1304 3751 annis

128 3807 262 3872 quoque
286 3789 418 3854 26-29
441 3789 488 3853 rei
511 3788 666 3873 publicae
698 3790 815 3855 sedulo
838 3790 1043 3856 consuluisse
1073 3810 1115 3854 ex
1143 3789 1192 3869 iis,
1217 3811 1304 3875 quae

128 3893 271 3961 breviter
293 3901 533 3960 commemorat
554 3895 691 3960 Tacitus
714 3917 793 3962 ann.
816 3896 877 3975 IV,
893 3896 1024 3976 bl—V,
1042 3899 1072 3976 5,
1098 3896 1178 3962 satis
1196 3903 1305 3982 potest

128 4001 293 4085 cognosci.
339 4001 392 4066 Ito
425 4001 543 4068 deusto
575 4008 691 4067 monte
724 4001 835 4068 Caelio
858 4023 949 4068 anno
981 4005 1022 4070 27
1052 4004 1205 4069 homines
1229 4003 1303 4069 sub-

127 4105 251 4174 levavit
277 4110 461 4175 «tribuendo
478 4111 635 4190 pecunius
658 4131 696 4174 ex
717 4111 809 4177 modo
833 4112 1048 4188 detrimenta
1073 4109 1114 4175 cf.
1139 4131 1217 4174 ann.
1242 4108 1301 4188 IV,

128 4213 180 4277 64.
211 4213 370 4278 Relatum
386 4220 501 4279 autem
518 4220 567 4280 est
584 4214 724 4280 adeum
750 4236 840 4280 anno
857 4217 899 4280 28
916 4215 957 4280 de
973 4235 1074 4280 causa
1097 4215 1164 4281 Titi
1187 4214 1303 4280 Sabini

127 4315 218 4402 (ann.
252 4317 312 4398 IV,
345 4319 488 4405 68—70)
522 4328 555 4386 et
582 4321 620 4386 in
651 4319 883 4407 componenda
912 4321 1090 4387 rebellione
1119 4321 1301 4386 Frisiorum

129 4445 299 4489 summam
331 4426 451 4492 habuit
479 4427 609 4512 imperii
638 4425 728 4513 (ann.
756 4425 815 4507 IV,
842 4425 903 4512 74).
951 4426 1052 4492 Anno
1085 4425 1230 4512 denique
1260 4429 1302 4492 29
