3084 5050
726 412 945 476 -42..

253 607 521 690 «mopoitudiuem
541 608 735 690 nepotiorum
751 627 815 687 per
829 606 953 672 litteras
967 607 1136 684 excusant,
1160 607 1243 688 quod
1264 607 1427 686 supremis

250 715 283 778 ιἰι
306 719 440 778 matrem
463 713 579 794 officiis
601 713 770 794 defuisset»
796 709 886 796 (ann.
911 709 954 792 V,
979 709 1020 796 2).
1057 710 1153 787 Quae
1175 709 1276 778 verba
1298 709 1427 775 Tiberii

248 819 427 884 severitate
458 839 528 884 non
557 818 604 884 ita
632 824 775 904 possunt
804 817 964 898 recedere,
996 838 1099 903 quam
1134 824 1246 883 censet
1268 817 1425 894 Tacitus;

251 925 374 990 etenim
397 925 583 1010 prinoipem
604 944 713 1010 usque
735 923 779 990 ad
797 945 925 990 annum
951 926 992 989 27
1009 925 1178 990 intentum
1199 923 1302 988 fuisse
1317 923 1427 1010 publi-

248 1049 303 1094 cas
326 1028 370 1095 ad
393 1049 489 1096 curas
521 1028 614 1096 testis
645 1035 695 1095 est
723 1029 794 1116 ipse
823 1050 901 1094 ann.
926 1029 986 1109 IV,
1012 1032 1069 1108 61;
1094 1049 1209 1094 curam
1239 1035 1358 1094 autem
1381 1029 1427 1094 rei

247 1134 400 1220 publicae
424 1157 501 1201 eum
534 1156 603 1200 non
635 1133 736 1200 modo
768 1155 837 1199 non
871 1133 1029 1200 abiecisse
1055 1135 1196 1200 mortuis
1214 1134 1424 1220 propinquis

247 1241 304 1306 sed
329 1242 428 1308 edam
452 1239 637 1308 remedium
662 1261 700 1307 ea
723 1242 926 1327 quaesivisse
949 1240 1070 1308 doloris
1093 1247 1126 1308 et
1148 1241 1284 1307 Tacitus
1308 1247 1427 1306 auctor

246 1352 296 1412 est
315 1367 393 1412 ann.
411 1346 470 1427 IV,
491 1351 545 1414 13:
568 1346 721 1432 «negotia
736 1367 796 1432 pro
812 1345 942 1412 solaciis
958 1347 1142 1434 accipiens»
1168 1353 1201 1412 et
1215 1347 1280 1412 Dio
1296 1349 1353 1426 57,
1370 1349 1423 1422 14;

246 1455 299 1532 58,
325 1456 359 1519 2:
388 1451 543 1539 «Τιβέριον
567 1451 779 1524 ἐπαινέσαντες
801 1449 847 1517 ὅτι
870 1464 925 1540 τῆς
940 1466 998 1519 τῶν
1022 1465 1129 1520 κοινῶν
1153 1457 1338 1540 διοικήσεως
1355 1450 1424 1518 οὐδὲ

246 1565 312 1623 τότε
329 1560 514 1646 ἀπέσχετο».
539 1561 616 1626 Non
631 1559 742 1646 igitur,
759 1557 836 1624 licet
848 1561 1048 1645 quaesiverit
1062 1560 1253 1644 requietem,
1268 1559 1424 1625 Tiberius

245 1663 408 1729 abstinuit
430 1685 511 1731 eura
532 1665 766 1752 reipublicae.
820 1665 897 1743 Qua
920 1687 970 1745 re,
1005 1667 1033 1730 si
1071 1665 1173 1730 huius
1211 1671 1321 1731 status
1356 1685 1423 1752 per-

244 1777 396 1836 mutatus
430 1779 495 1850 ast,
531 1772 716 1857 prinoipem
754 1772 867 1857 ipsum
903 1777 1149 1838 commutatum
1183 1793 1254 1837 esse
1288 1791 1424 1838 neeesse

245 1883 304 1942 est.
335 1876 401 1942 Sed
424 1877 605 1955 Tiberium,
621 1883 801 1962 postquam
817 1899 876 1963 per
899 1880 1072 1964 sexaginta
1095 1884 1170 1944 octo
1192 1898 1300 1944 annos
1317 1879 1423 1944 vitam

245 1985 313 2069 egit
328 1983 560 2049 honestissime
576 1991 609 2049 et
629 2003 688 2070 per
709 1983 865 2050 tredecim
883 2005 990 2050 annos
1006 2005 1076 2050 rem
1093 1985 1263 2071 publicam
1280 1982 1423 2050 admini-

244 2089 360 2156 stravit
375 2089 508 2174 optime,
533 2089 644 2156 subito
658 2091 759 2176 plane
781 2091 1000 2156 immutatum
1026 2112 1097 2156 esse
1119 2091 1208 2157 credi
1230 2093 1288 2158 vix
1302 2096 1421 2177 potest.

243 2193 342 2272 Quod
364 2195 436 2260 fieri
458 2216 528 2260 non
550 2196 659 2281 potuit
690 2196 753 2262 nisi
785 2197 908 2262 amissa
939 2203 1060 2263 mente.
1108 2198 1178 2263 Nec
1207 2218 1285 2264 vero
1319 2197 1423 2262 huius

242 2301 289 2365 rei
319 2301 426 2366 ullum
456 2301 620 2368 indicium
649 2308 749 2368 extat.
797 2302 909 2381 Quare
939 2304 1004 2369 alio
1033 2304 1134 2370 modo
1165 2303 1347 2370 difficultas
1375 2307 1423 2368 est

242 2406 398 2472 tollenda.
426 2408 470 2473 Et
485 2408 627 2488 tolletur,
645 2407 673 2473 si
696 2407 894 2474 Suetonium
917 2409 996 2474 inde
1018 2431 1039 2474 a
1057 2411 1164 2496 capite
1185 2413 1227 2475 41
1248 2408 1356 2477 vitam
1372 2409 1422 2475 ut-

243 2513 325 2579 berii
344 2513 553 2600 descripsisse
569 2515 748 2600 probatum
766 2515 826 2580 erit
844 2514 960 2580 similis
972 2523 1071 2581 notae
1084 2516 1176 2582 fonte
1187 2537 1298 2596 usum,
1319 2523 1422 2602 atque

242 2619 385 2685 Dionem
409 2625 442 2684 et
464 2620 616 2686 Tacitum
639 2621 720 2686 locis
735 2621 888 2688 laudatis.
929 2622 1047 2707 Neque
1061 2623 1247 2702 defuerunt,
1272 2623 1332 2708 qui
1357 2623 1421 2688 alio

242 2726 343 2791 modo
355 2725 478 2790 Tiberii
493 2747 545 2792 res
556 2733 666 2811 gestas
679 2747 757 2793 eum
773 2727 956 2794 reddidisse
972 2729 1211 2795 contenderent
1225 2737 1303 2796 ante
1319 2735 1422 2818 caput

242 2834 283 2897 41
308 2853 347 2898 ac
370 2840 446 2917 post
469 2840 570 2918 caput
591 2835 646 2899 41.
678 2834 729 2899 lta
745 2834 863 2899 Ranke
880 2835 941 2913 III,
957 2837 986 2912 2,
1003 2858 1035 2920 p.
1054 2837 1230 2902 334-336
1246 2837 1421 2903 nonnullis
1517 2859 1518 2937 ι

242 2937 402 3023 exemplis
418 2938 526 3004 allatis
542 2939 740 3005 Suetonium
756 2940 835 3006 inde
850 2963 871 3007 a
886 2942 993 3028 capite
1008 2943 1050 3006 41
1071 2963 1141 3008 non
1159 2963 1266 3028 aequo
1285 2952 1421 3011 auctore

241 3065 341 3110 usum
365 3064 436 3110 esse
457 3043 585 3129 probat,
611 3045 668 3110 sed
702 3046 906 3114 obtrectante
934 3048 1066 3114 Tiberio
1089 3055 1122 3115 et
1150 3049 1283 3116 favente
1311 3051 1417 3117 Iuliis.

241 3149 398 3216 Similiter
420 3157 533 3216 autem
557 3157 657 3236 atque
680 3152 799 3218 Ranke
822 3159 854 3218 et
876 3155 1022 3220 Karsten
1045 3178 1077 3241 p.
1097 3159 1138 3222 19
1163 3157 1241 3224 adn.
1277 3156 1418 3224 Suetoni

242 3256 345 3321 vitam
378 3255 594 3322 Tiberianam
628 3257 664 3322 in
697 3257 781 3322 duas
812 3265 922 3344 partes
957 3259 1099 3328 divisam
1135 3282 1205 3328 esse
1240 3270 1353 3329 censet
1388 3269 1422 3330 et

242 3361 396 3426 Thamm.
445 3363 513 3440 Qui
534 3387 566 3450 p.
592 3364 724 3430 38-39
756 3364 919 3430 iudicium
952 3365 1015 3432 fert
1043 3369 1120 3434 hoo:
1156 3369 1344 3438 «Suetonius
1369 3375 1419 3437 di·
1516 3341 1517 3368 ¹

240 3470 339 3533 verns
362 3471 552 3549 temporibus
568 3479 681 3552 portes
703 3474 786 3538 uitae
805 3473 995 3540 Tiberianae
1010 3476 1186 3558 descripsit.
1216 3479 1325 3559 ptimo
1341 3485 1419 3544 tem-

233 3593 315 3655 pore
331 3576 494 3655 princpes
516 3597 619 3641 utores
636 3599 700 3658 pro
728 3579 816 3644 bouis
843 3579 1047 3662 civilibusque
1069 3583 1188 3648 tabuit.
1237 3584 1350 3650 deiude
1373 3586 1420 3651 od

240 3681 339 3746 otium
361 3682 548 3746 seutentiam
571 3682 730 3747 adductus
752 3683 915 3748 Tiberium
930 3692 1106 3752 moestum
1119 3689 1221 3770 fuisse
1237 3691 1415 3756 contendite

239 3793 272 3850 et
293 3786 508 3871 posteriorem
530 3792 660 3872 partem
683 3786 822 3852 Suetoni
845 3787 1073 3876 descriptionis
1101 3813 1287 3880 repugnare
1315 3795 1418 3881 priori

238 3891 381 3956 illustrat
404 3913 462 3956 sex
484 3892 564 3958 locis
587 3893 674 3960 iuter
689 3915 724 3960 se
740 3897 939 3982 comparatis
963 3896 1046 3984 (Tib.
1071 3903 1115 3966 43
1133 3931 1174 3955 ==
1193 3904 1222 3981 7,
1240 3903 1285 3968 50
1302 3934 1342 3958 =
1363 3906 1416 3984 11,

238 3999 281 4062 52
301 4025 343 4050 =
361 3995 425 4083 39).
471 3998 625 4076 Quorum
649 4002 797 4066 virorum
819 4005 1021 4070 sententiam
1044 4006 1146 4072 laudo
1169 4013 1203 4073 et
1223 4010 1414 4097 comprobo.

237 4103 381 4184 Etenim,
407 4104 465 4189 qui
489 4125 596 4190 usque
619 4106 661 4171 ad
686 4113 787 4192 caput
809 4111 852 4173 41
877 4109 979 4175 verba
994 4110 1195 4197 adaequavit
1210 4114 1316 4195 factis,
1335 4116 1417 4183 inde

236 4211 280 4276 ab
315 4211 380 4276 hoc
414 4211 520 4298 capite
550 4219 619 4278 tam
654 4213 769 4299 inique
800 4233 851 4280 res
885 4223 1000 4280 narrat
1032 4216 1226 4301 Suetonius,
1259 4228 1298 4287 ut
1330 4221 1414 4289 falsa

236 4317 364 4384 tradere
393 4339 461 4383 non
493 4319 618 4385 veritus
650 4321 702 4385 sit.
749 4319 847 4398 Quod
880 4341 984 4406 quem
1016 4344 1134 4391 verum
1168 4327 1210 4392 sit
1240 4330 1356 4413 paucis
1379 4329 1414 4393 il-

236 4425 403 4492 lustretur.
