3084 5050
614 383 837 447 „27-

129 577 297 664 regnandi
320 576 488 657 aviditate,
522 577 719 656 examinem,
751 584 828 663 post
849 577 976 644 fidesne
998 578 1126 646 Velleio
1149 580 1309 646 habenda

131 685 188 764 sit,
212 700 381 770 quaeram.

224 791 343 876 Neque
372 810 460 874 quae
489 788 677 854 afferuntur
705 810 726 855 a
749 789 907 856 Suetonio
931 811 1060 872 causae,
1084 792 1217 878 probari
1239 814 1311 878 pos-

131 903 224 963 sunt.
256 897 333 989 Non
356 895 446 962 enim
469 895 541 960 fieri
562 895 680 980 potuit,
705 901 744 961 ut
763 896 916 962 Tiberius
940 895 1146 964 Clementem
1169 899 1309 978 timeret,

131 1003 259 1088 quippe
290 1023 368 1068 cum
400 1022 512 1088 neque
541 1001 690 1087 Agrippa
712 1001 905 1069 interfectus
937 1010 1031 1083 esset,
1066 1025 1134 1090 quo
1164 1012 1311 1090 tempore

130 1110 287 1176 Tiberius
321 1111 523 1174 «stationem»
549 1107 695 1193 Augusti
723 1108 908 1188 recusabat,
936 1131 1045 1196 neque
1076 1111 1238 1190 Clemens,
1272 1117 1311 1177 ut

130 1222 276 1280 mortem
300 1214 371 1278 eius
386 1212 608 1292 ulcisceretur,
625 1233 766 1278 manum
790 1234 980 1299 comparare
1002 1221 1126 1300 posset
1151 1215 1193 1280 cf.
1218 1216 1308 1282 Suet.

130 1321 209 1387 Tib.
236 1323 294 1399 22;
331 1321 394 1385 Dio
424 1322 478 1399 57,
510 1321 546 1398 3;
581 1319 658 1384 Tac.
690 1339 769 1384 ann.
799 1319 826 1399 I,
851 1322 887 1398 63
932 1321 973 1400 ΙΙ,
999 1323 1042 1386 39
1065 1342 1113 1406 sq.
1160 1322 1309 1388 Drusum

130 1434 250 1492 autem
271 1425 433 1492 Libonem
449 1424 602 1490 Tiberius
625 1445 695 1490 non
718 1424 845 1505 metuit,
870 1426 1031 1511 quoniam
1055 1426 1187 1492 duobus
1211 1426 1309 1492 annis

128 1540 211 1619 post
234 1555 312 1599 eum
335 1554 387 1598 res
409 1553 513 1599 novas
536 1531 646 1596 moliri
669 1531 818 1597 delatum
841 1539 903 1610 est;
928 1532 968 1597 cf.
994 1533 1070 1599 Tac.
1089 1554 1166 1598 ann.
1192 1534 1234 1613 Π,
1256 1536 1308 1598 27.

130 1639 185 1705 Ut
215 1639 252 1704 in
277 1638 446 1704 Clemente
474 1643 507 1702 ct
534 1637 663 1704 Libone
688 1638 989 1704 commemorandis
1019 1637 1198 1704 Suetonius
1229 1644 1310 1703 tem·

129 1765 216 1831 pora
239 1743 399 1824 confudit,
423 1745 470 1809 ita
491 1745 527 1808 in
543 1743 704 1809 seditione
719 1743 863 1809 militum
888 1743 1070 1820 narranda;
1093 1765 1174 1808 nam
1189 1744 1310 1810 milites

129 1851 264 1916 incitati
286 1855 366 1916 sunt
384 1856 564 1936 postquam
583 1849 736 1916 Tiberius
759 1852 962 1916 «stationem»
981 1850 1127 1935 Augusti
1149 1851 1308 1936 suscepit;
1363 1895 1369 1908 .

131 1978 245 2042 neque
278 1955 400 2022 milites
433 1962 548 2022 contra
582 1955 753 2021 Tiberium
785 1955 1052 2034 coniuraverunt,
1089 1955 1147 2020 sed
1176 1961 1310 2042 propter

132 2084 229 2149 spem
251 2063 490 2148 praemiorum3
515 2062 555 2127 cf.
580 2062 657 2127 Tac.
681 2083 760 2127 ann.
784 2062 811 2141 I,
838 2064 893 2127 16:
933 2063 1155 2128 «Pannonicas
1178 2063 1310 2145 tepioacs

132 2171 247 2236 seditio
278 2169 405 2234 incessit
426 2169 524 2234 nattis
546 2169 637 2234 coiis
669 2169 775 2234 cacas
801 2170 867 2233 nisi
894 2169 977 2251 qaod
999 2174 1141 2234 mutatas
1158 2170 1310 2249 princeps

133 2278 297 2342 licentiam
328 2276 496 2340 turbarum
526 2281 556 2340 at
584 2296 622 2339 ea
652 2275 738 2340 atat
764 2275 840 2342 bello
862 2296 949 2356 spem
965 2276 1188 2356 praemiorum
1210 2281 1309 2340 osten-

134 2383 247 2448 debat»
272 2387 306 2447 et
328 2382 354 2460 Ι,
371 2383 428 2447 31:
457 2383 576 2446 «isdem
596 2382 697 2462 ferme
719 2381 838 2459 diebos,
861 2382 961 2446 isdem
985 2382 1092 2446 causis
1117 2380 1310 2446 Germanice

133 2490 269 2572 legiones
290 2489 468 2553 tardatos».
515 2484 706 2552 Germanici
736 2483 881 2570 deniqne
912 2492 1022 2552 metus
1045 2485 1176 2552 Tiberio
1209 2505 1310 2550 causa

135 2616 208 2660 non
230 2594 295 2659 fuit
313 2593 505 2673 cunctandi,
529 2593 629 2679 quod,
653 2613 698 2658 ne
712 2593 937 2678 principatum
959 2592 1014 2657 ille
1037 2597 1215 2678 appeteret,
1240 2612 1309 2656 non

135 2700 285 2765 timebat.
332 2700 467 2765 Etenim
491 2699 710 2764 Germanicus
733 2719 753 2763 a
776 2698 908 2764 Tiberio
939 2700 1096 2765 «imbutus
1119 2699 1311 2764 rudimentis

135 2808 290 2871 militiae»
325 2805 490 2891 stipendia
521 2805 586 2870 sub
617 2826 655 2870 eo
678 2805 800 2870 meruit
822 2805 920 2870 annis
945 2807 1051 2869 7-11
1077 2801 1130 2889 (cf.
1155 2802 1240 2868 Vell.
1265 2803 1308 2880 ΙΙ,

138 2913 214 2991 129,
246 2914 280 2991 2;
315 2911 379 2977 Dio
406 2914 460 2992 55,
490 2914 548 2990 31;
584 2932 652 2997 quo
683 2911 756 2977 loco
785 2911 930 2976 Dionem
962 2909 1094 2975 Tiberio
1129 2908 1312 2974 obtrectare

136 3017 355 3084 manifestum
378 3024 443 3096 est;
469 3039 539 3083 non
562 3018 653 3082 enim
675 3017 850 3101 Augustus
872 3015 917 3082 ab
936 3038 975 3081 eo
989 3015 1115 3082 bellum
1139 3015 1227 3080 trahi
1246 3035 1311 3080 cre-

137 3123 216 3188 dere
247 3124 369 3209 potuit,
412 3145 490 3189 cum
531 3129 646 3208 gentes
684 3123 899 3188 imminentes
932 3120 1048 3188 Italiae
1081 3121 1170 3186 intra
1202 3142 1312 3186 unum

137 3250 269 3294 annum
301 3229 430 3296 domari
463 3251 533 3295 non
562 3249 660 3315 posse
693 3235 780 3293 certe
813 3249 881 3294 non
908 3224 1094 3314 ignoraret).
1142 3225 1218 3303 Quo
1240 3224 1311 3291 fieri

137 3336 258 3421 potuit,
282 3340 322 3400 ut
343 3334 496 3401 Tiberius
519 3335 694 3419 ingenium
716 3341 750 3399 et
772 3355 880 3399 mores
904 3332 1094 3400 Germanici
1117 3332 1217 3419 plane
1239 3352 1311 3416 cog-

138 3447 297 3506 nosceret.
344 3440 420 3519 Qui,
457 3461 665 3527 quamquam
688 3440 919 3526 Agrippinam,
955 3439 1115 3504 feminam
1149 3438 1313 3525 regnandi

138 3546 368 3614 avidissimam
390 3543 443 3632 (cf.
468 3546 546 3612 Tac.
570 3566 648 3610 ann.
673 3546 700 3626 Ι,
724 3547 781 3624 33;
805 3546 848 3622 Π,
874 3548 931 3624 72;
955 3544 1015 3626 IV,
1035 3547 1091 3625 12;
1115 3545 1180 3610 Dio
1195 3547 1249 3623 57,
1274 3547 1311 3623 6,

139 3651 230 3718 Suet.
254 3652 328 3717 Tib.
345 3652 411 3737 53),
433 3653 471 3717 in
486 3652 699 3718 matrimonio
715 3651 870 3732 habebat,
894 3659 1009 3718 tamen
1023 3652 1201 3737 imperium
1217 3672 1313 3716 num·

139 3778 243 3843 quarn
266 3756 452 3843 appetebat.
500 3757 600 3834 Quod
632 3759 680 3824 ita
712 3779 747 3823 se
780 3757 903 3823 habero
937 3779 978 3823 ex
1001 3757 1130 3842 scriptis
1153 3756 1313 3836 Suetonii,

139 3864 256 3944 Taciti,
279 3864 398 3929 Dionis
421 3864 501 3928 satis
522 3869 633 3950 potest
654 3863 810 3948 intellegi.
857 3864 1013 3949 Namque
1035 3863 1215 3929 Suetonius
1238 3862 1312 3929 Tib.

140 3971 185 4036 25
224 3969 462 4035 Germanicum
496 3968 660 4034 militibus
694 3967 738 4034 ad
771 3967 1010 4054 capessendam
1042 3991 1113 4035 rem
1143 3969 1314 4056 publicam

141 4076 339 4161 urgentibus
365 4077 565 4158 «obfirmate»
590 4076 748 4140 restitisse
770 4074 892 4141 scribit.
938 4076 1003 4140 Dio
1038 4082 1152 4141 autem
1187 4078 1240 4154 57,
1273 4079 1313 4140 18

140 4188 255 4248 narrat
286 4181 383 4248 haec:
422 4179 509 4246 «οὔτε
540 4185 617 4266 πρὸς
644 4186 694 4247 τὸν
722 4180 856 4265 Δροῦσον
884 4180 1050 4267 ἐπίφθονον
1073 4179 1142 4247 οὔτε
1166 4184 1242 4268 πρὸς
1264 4184 1314 4245 τὸν

140 4287 280 4372 Τιβέριον
303 4287 436 4352 ἐπαίτιον
451 4289 616 4371 ἔπραττεν»
638 4339 645 4352 .
667 4337 700 4352 ..
728 4289 892 4372 <iomisit
910 4289 1217 4368 sancratissimi
1239 4283 1313 4370 παρ’

140 4393 282 4470 ἑκόντων,
294 4392 353 4481 οὐχ
368 4391 420 4458 ὅτι·
428 4406 486 4460 τῶν
506 4405 706 4478 στρατιωτῶν,
722 4394 805 4458 ἀλλὰ
820 4398 941 4458 καὶτοῦ
957 4395 1056 4481 δήμου
1072 4404 1128 4480 τῆς
1138 4417 1170 4457 τε
1187 4395 1314 4480 βουλῆς,
