3084 5050
700 401 923 466 ..62..

223 614 295 661 non
322 591 544 680 Agrippinam
579 593 709 670 Seiano;
749 593 789 659 cf.
814 613 893 658 ann.
917 591 977 671 IV,
1003 594 1060 659 39:
1100 597 1199 659 «satis
1233 597 1409 662 aestimare

220 701 353 782 firmari
368 703 493 766 domem
517 701 687 766 adeersum
702 701 831 782 iniquus
846 699 1048 783 Aprippirioe
1063 700 1276 780 offensiones».
1302 699 1408 766 Unde

225 805 352 871 facturn
377 811 435 884 est,
470 812 508 870 ut
530 805 666 871 Tacitus
690 825 842 872 severum
868 803 1028 870 Seianum
1052 803 1232 890 appellaret
1263 811 1404 886 tectum,

223 911 297 977 eius
321 931 427 997 capax
446 911 619 996 ingenium
643 911 832 976 nominaret
854 909 975 989 audax,
999 911 1094 975 iuxta
1109 909 1307 976 modestiam
1329 912 1406 978 eius

222 1023 327 1103 atque
353 1016 554 1084 industriam
578 1017 751 1084 collocaret
773 1015 1000 1082 adulationem
1024 1021 1058 1081 et
1078 1016 1172 1102 regni
1195 1017 1403 1084 aviditatem.

316 1122 392 1199 Qua
414 1121 456 1189 de
478 1123 642 1210 regnandi
658 1121 839 1209 eupiditate
855 1120 937 1208 quid
953 1119 996 1187 sit
1013 1120 1242 1202 iudicandum,
1260 1123 1407 1191 breviter

164 1225 170 1238 '
224 1229 390 1315 explicare
412 1250 546 1296 necesse
569 1235 626 1295 est.
674 1229 787 1315 Atque
816 1228 952 1294 Tacitus
985 1227 1143 1293 Seianum
1175 1227 1212 1293 in
1244 1229 1405 1296 omnibus

225 1335 326 1400 rebus
341 1335 494 1420 gerendis
510 1335 651 1401 ductum
666 1355 739 1400 esse
753 1334 932 1400 memoriae
947 1333 1094 1420 prodidit
1112 1336 1263 1401 <libidine
1277 1357 1405 1401 semma

224 1443 456 1523 adipiscendi»,
481 1462 584 1526 quam
610 1443 734 1506 «imus»
760 1439 901 1506 tulisset.
935 1441 1052 1524 Itaque
1076 1460 1153 1504 ann.
1178 1440 1238 1520 III,
1264 1441 1306 1506 29
1332 1463 1404 1508 «su-

224 1555 365 1629 spectum
396 1551 463 1613 iam
495 1551 614 1614 nimiae
643 1550 729 1628 spei»
767 1567 844 1612 eum
877 1544 1022 1633 appellat
1051 1550 1084 1611 et
1112 1544 1172 1624 IV,
1198 1547 1218 1610 2
1243 1565 1330 1625 eum,
1362 1554 1405 1611 ut

225 1674 370 1739 regnum
401 1653 464 1720 sibi
486 1659 625 1740 pararet,
660 1653 811 1718 cohortes
841 1673 899 1738 per
929 1651 1047 1717 urbem
1080 1651 1244 1738 dispersas
1267 1671 1336 1718 una
1364 1652 1404 1717 in

226 1765 336 1824 castra
368 1759 567 1826 conduxisse
596 1758 697 1824 tradit
727 1765 760 1824 et
781 1758 841 1836 IV,
867 1761 897 1823 3.
923 1760 951 1823 7.
979 1760 998 1823 8
1022 1757 1172 1823 Drusum
1195 1758 1238 1823 ab
1269 1778 1404 1824 ecesse

226 1867 449 1932 interfectum.
497 1864 562 1931 Sed
586 1870 699 1930 utrum
723 1884 864 1950 regnum
889 1863 1029 1930 Seianus
1053 1864 1204 1949 petiverit
1226 1869 1303 1930 ante
1318 1865 1402 1930 Dru·

224 1993 305 2037 sum
336 1976 506 2036 mortuum
539 1992 664 2049 necne,
706 1971 740 2036 in
775 1970 886 2035 medio
923 1969 1180 2054 relinquendum
1211 1991 1282 2035 esse
1308 1977 1401 2056 puto.

227 2077 316 2143 Fieri
349 2078 440 2142 enim
471 2078 589 2163 potuit,
622 2082 662 2142 ut
691 2077 841 2155 Seianus,
872 2097 951 2141 curn
980 2075 1142 2161 regnandi
1165 2081 1250 2141 esset
1272 2074 1402 2154 avidus,

228 2183 338 2248 Druso
361 2203 531 2248 venenum
554 2182 658 2262 daret;
684 2203 832 2267 namque
855 2182 952 2268 alapa
974 2203 995 2246 a
1016 2182 1125 2247 Druso
1141 2182 1171 2246 ei
1194 2180 1295 2247 ducta
1310 2179 1401 2266 (ann.

226 2288 288 2368 IV,
306 2285 338 2373 3)
353 2288 479 2374 impelli
493 2289 611 2374 potuit,
636 2295 674 2353 ut
696 2294 728 2354 et
744 2288 919 2354 consilium
935 2288 1024 2354 illius
1039 2286 1258 2353 interficiendi
1273 2294 1405 2372 caperet

226 2399 271 2475 et,
295 2400 475 2481 postquam
497 2395 534 2460 in
557 2395 695 2462 Liuillae
718 2393 976 2460 familiaritatem
1000 2400 1101 2479 atque
1124 2393 1402 2459 consuetudinem

229 2522 266 2567 se
288 2501 481 2579 insinuavit,
505 2501 644 2587 imperii.
682 2501 752 2566 Nee
774 2521 861 2578 vero,
887 2521 969 2565 num
993 2520 1134 2585 regnum
1157 2499 1309 2584 petiverit
1327 2504 1407 2565 ante
1537 2495 1538 2564 l

228 2606 363 2692 alapam
387 2626 407 2671 a
431 2606 540 2672 Druso
564 2607 591 2672 ei
616 2606 763 2686 ductam,
789 2605 857 2671 ullo
881 2605 981 2671 modo
997 2611 1106 2692 potest
1120 2605 1283 2690 cognosci.
1320 2603 1405 2669 Mor·
1537 2623 1538 2694 ἐ

229 2720 290 2778 tuo
313 2712 423 2778 Druso
447 2712 605 2778 Seianum
628 2733 770 2797 regnum
800 2712 998 2797 appetivisse
1024 2733 1094 2777 non
1118 2731 1211 2797 nego.
1259 2711 1403 2790 Etenim,

229 2824 270 2883 ut
292 2817 445 2883 omittam
468 2816 556 2883 locos
588 2817 661 2883 illos
694 2818 817 2903 quibus
849 2817 1028 2883 Suetonius
1061 2815 1144 2902 (Tib.
1169 2815 1232 2904 65),
1257 2817 1403 2894 Tacitus
1537 2899 1538 2910 ἵ

230 2925 294 2990 Dio
327 2921 391 3009 (58,
422 2926 445 2987 4
474 2921 558 3009 sqq.)
587 2945 664 2989 eum
696 2924 901 3010 principatus
933 2923 1094 3009 cupidum
1126 2923 1228 2990 fuisse
1255 2923 1403 3000 tradunt,

229 3029 395 3109 Livillam,
420 3049 506 3114 quae
529 3030 630 3096 Drusi
653 3036 838 3110 maturior,
864 3030 929 3096 sibi
956 3030 1127 3115 expetivit;
1156 3029 1197 3097 cf.
1222 3029 1299 3094 Tac.
1323 3049 1402 3100 ann.
1537 3025 1538 3034 ’

230 3135 290 3215 IV,
316 3138 358 3202 39
382 3156 453 3221 sqq.
501 3135 633 3213 Quare
655 3158 726 3202 non
749 3136 849 3202 modo
874 3157 949 3202 eum
975 3157 1145 3202 unacum
1160 3134 1279 3202 Liuilla
1294 3135 1405 3200 Druso

230 3263 399 3308 venenum
432 3242 560 3308 dedisse
593 3243 817 3322 confirmatur,
851 3244 909 3310 sed
939 3243 1039 3308 etiam
1070 3249 1207 3329 apparet
1236 3263 1313 3308 eum
1340 3243 1404 3308 hac

228 3348 424 3415 condicione
440 3350 562 3415 Tiberii
578 3349 694 3415 domui
717 3371 751 3416 se
774 3349 954 3436 adiungere
976 3350 1129 3430 voluisse,
1153 3355 1249 3416 uteo
1271 3354 1405 3414 mortuo
1537 3339 1538 3426 ζ

229 3455 409 3541 imperium
441 3457 504 3522 sibi
536 3456 727 3523 vindicaret.
775 3455 930 3543 Namque
962 3456 1114 3522 Tiberius
1147 3455 1268 3522 Caesar
1302 3475 1405 3520 senex
1537 3479 1538 3544 ᾗ

228 3567 301 3626 erat
323 3567 356 3625 et
378 3560 510 3626 carebat
532 3561 609 3627 filiis
616 3585 623 3640 ;
649 3563 801 3628 Tiberius
832 3570 955 3642 autem,
982 3583 1092 3648 nepos
1124 3562 1194 3628 eius
1223 3583 1264 3627 ex
1294 3561 1404 3626 Druso
1537 3549 1538 3584 ³

229 3667 308 3748 filio,
334 3673 404 3732 eret
426 3667 552 3747 in.fans;
577 3667 637 3732 filii
660 3667 804 3754 denique
821 3667 1012 3732 Germanici
1035 3667 1202 3736 demoveri
1223 3674 1405 3756 potuerunt

228 3780 364 3861 propter
395 3774 594 3855 inimicitias
628 3794 715 3860 quae
747 3793 862 3840 eorum
894 3773 994 3840 matri
1023 3795 1100 3840 cum
1132 3775 1263 3842 Tiberio
1298 3780 1401 3840 erant.

229 3879 327 3956 Quae
358 3881 522 3946 sententia
550 3903 620 3947 non
651 3881 751 3947 modo
781 3901 851 3946 non
881 3881 1049 3962 refellitur,
1083 3881 1142 3948 sed
1165 3883 1265 3948 etiam
1288 3880 1403 3947 confir·

230 3991 343 4051 matur
373 3987 424 4064 iis,
458 4007 544 4072 quae
573 3987 708 4053 Tacitus
740 3993 854 4054 narrat
881 4007 959 4054 ann.
985 3986 1044 4067 IV,
1070 3989 1129 4066 59;
1158 4008 1237 4052 nam
1261 3986 1402 4052 Seianus

229 4114 290 4178 pro
312 4091 444 4158 Tiberio
468 4091 601 4178 Capreis
624 4094 711 4160 vitae
737 4094 922 4181 periculum
958 4093 1061 4160 subiit
1092 4100 1264 4159 corruente
1294 4113 1400 4170 muro,

231 4203 270 4263 nt
292 4198 362 4285 ipse
385 4203 470 4264 esset
492 4198 620 4268 salvus:
646 4199 721 4277 Quo
736 4206 884 4286 tempore
906 4200 935 4266 si
957 4199 1110 4266 Tiberius
1130 4205 1283 4266 mortuus
1306 4202 1400 4276 esset,

228 4311 265 4370 et
295 4305 456 4391 dignitate
485 4324 547 4372 sua
574 4305 714 4372 Seianus
744 4307 893 4392 privatus
925 4311 1010 4372 esset
1040 4312 1073 4372 et
1103 4325 1237 4372 omnem
1271 4303 1403 4391 imperii

229 4432 326 4496 spem
347 4409 551 4497 perdidisset.
584 4410 739 4498 Namque
760 4411 949 4478 auctoritati
965 4412 1045 4493 eius,
1062 4431 1270 4498 quemquam
1288 4411 1401 4497 ipsum
