3084 5050
155 589 209 668 IL
234 590 278 654 50
302 585 417 651 scribit
437 584 538 648 haec:
566 585 775 649 «adolescebat
799 585 919 648 intereo
942 585 992 649 lex
1014 584 1207 648 enaiestatts»
1234 587 1268 646 ct
1289 580 1344 646 ad-

273 692 418 758 ulteram
441 689 624 754 maiestatis
639 688 828 754 absolutam
851 709 922 754 esse
938 696 1072 754 auctore
1087 687 1219 753 Tiberio
1235 687 1341 766 refert,

275 797 429 864 adulterii
452 794 657 861 damnatam.

161 906 213 986 H,
239 906 292 984 84,
315 923 525 989 quamquam
548 902 619 987 ipse
641 901 684 979 11,
708 903 752 966 43
783 901 1014 987 Agrippinam,
1048 920 1186 964 uxorem
1211 900 1344 966 Germa·

276 1011 353 1089 nici,
369 1030 457 1095 quae
473 1007 589 1073 multis
603 1007 715 1072 liberis
730 1013 827 1072 aucta
845 1007 897 1085 sit,
917 1005 1068 1084 celebrat,
1081 997 1206 1070 'tamen
1221 1005 1345 1072 Tiberii

277 1117 438 1182 laetitiam
469 1117 619 1200 increpat
642 1121 774 1200 captam
798 1135 840 1179 ex
867 1112 1044 1199 nepotibus
1074 1113 1161 1178 natis
1184 1113 1335 1198 geminis

160 1227 305 1292 Iustum
321 1244 391 1289 esse
405 1221 577 1300 iudicium,
602 1220 693 1306 quod
712 1221 774 1286 fert
796 1221 838 1300 ΙΙ,
864 1222 905 1286 87
930 1220 1054 1286 verbis:
1082 1222 1185 1285 «crede
1207 1228 1342 1303 reposto

282 1337 311 1395 et
343 1330 464 1394 lubrico
494 1329 596 1392 oratio
627 1329 685 1392 sub
712 1329 871 1408 princepe,
895 1329 951 1409 qoe'
973 1328 1145 1392 libertatem
1170 1329 1340 1394 metuebat»

280 1435 415 1500 Tacitus
445 1431 627 1519 (usquead
652 1453 781 1497 annum
808 1430 860 1517 19)
887 1433 981 1498 nullo
1005 1433 1156 1517 exemplo
1180 1433 1342 1512 ostendit;

279 1542 364 1626 quin
378 1540 490 1626 potius
505 1545 537 1604 et
554 1537 687 1603 dicendi
702 1545 734 1605 et
750 1537 916 1603 scribendi
931 1538 1116 1604 libertatem
1133 1539 1198 1604 sub
1212 1539 1344 1604 Tiberio

280 1647 384 1712 fuisse
415 1647 485 1732 ipse
515 1645 607 1710 testis
635 1651 685 1709 est
707 1664 785 1709 ann.
819 1645 844 1724 Ι,
871 1646 927 1722 74;
962 1645 1005 1724 ΙΙ,
1029 1646 1089 1724 50;
1125 1646 1183 1725 III,
1210 1648 1266 1724 70;
1302 1646 1342 1712 cf.

280 1753 370 1818 Suet.
395 1751 468 1818 Tib.
494 1753 551 1830 28;
576 1751 639 1816 Dio
662 1752 717 1829 57,
743 1752 773 1815 9.

160 1863 232 1942 ΠΙ,
257 1863 293 1926 31
315 1867 348 1926 et
363 1861 404 1925 37
422 1858 581 1937 Drusum,
598 1856 721 1922 Tiberii
737 1856 854 1937 filium,
871 1856 996 1938 laudat,
1014 1859 1073 1942 qui
1089 1858 1183 1924 aliter
1198 1880 1237 1924 ac
1251 1867 1346 1945 pater

283 1970 336 2032 «ιιι
348 1967 433 2044 orbe,
444 1968 527 2030 inter
537 1972 640 2030 coetos
648 1971 676 2030 et
687 1985 844 2030 sermones
859 1965 1020 2030 toronum
1036 1967 1215 2030 obversatus
1227 1972 1343 2031 secreto

274 2075 382 2154 potres
403 2073 604 2155 mitipooerit
628 2078 657 2136 et
683 2071 845 2136 Tiberium
860 2072 1061 2152 reprehendit
1084 2075 1119 2137 ιἰι
1142 2094 1184 2150 eo,
1208 2075 1291 2155 qood
1306 2074 1345 2138 ob

279 2180 356 2243 urbe
379 2180 536 2260 afuerit»;
561 2197 676 2241 rursus
698 2177 758 2262 HI,
783 2178 826 2242 59
842 2176 965 2242 Tiberii
987 2176 1173 2243 absentiam
1197 2179 1346 2244 defendit

281 2289 313 2348 et
333 2282 524 2369 superbiam
549 2283 698 2367 increpat
719 2283 829 2348 Drusi.

266 2388 331 2454 Sed
346 2389 429 2453 haec
444 2389 616 2453 haetenus.
652 2388 740 2453 Satis
756 2389 840 2453 mihi
856 2388 969 2456 videor
983 2390 1168 2456 ostendisse
1190 2391 1344 2457 Tacitum

165 2496 329 2580 iniquum
358 2495 460 2560 fuisse
491 2495 623 2560 Tiberio
656 2495 693 2559 in
727 2495 798 2560 eius
821 2495 898 2575 vita,
924 2496 1082 2577 moribus
1108 2497 1203 2563 factis
1227 2497 1346 2562 descri-

166 2601 292 2669 bandis
307 2623 417 2687 neque
433 2622 513 2679 esse,
531 2621 590 2666 cur
604 2600 707 2667 fidem
723 2601 753 2666 ei
776 2600 980 2687 denegemus
995 2603 1167 2670 Tiberium
1182 2603 1343 2670 laudanti.

166 2710 291 2793 Itaque
313 2729 427 2774 veram
442 2729 463 2774 a
477 2707 605 2773 Velleio
621 2728 812 2793 expressam
835 2729 905 2774 esse
927 2709 1108 2795 imaginem
1131 2711 1178 2776 rei
1193 2711 1347 2797 prdolicas

168 2837 196 2880 a
218 2815 350 2880 Tiberio
377 2815 474 2880 annis
507 2816 637 2880 14-23
660 2814 911 2880 administratae
933 2816 1149 2882 manifestum
1175 2824 1232 2883 est.
1281 2816 1346 2882 Sed

167 2923 296 2988 iustam
337 2941 407 2986 esse
443 2921 651 2987 Valleianam
690 2923 945 3009 descriptionem
984 2929 1017 2987 et
1049 2944 1230 3009 congruere
1268 2944 1346 2989 cum

167 3027 273 3094 rebus
296 3028 396 3092 etiam
418 3027 498 3093 inde
520 3027 564 3094 ab
579 3049 671 3093 anno
695 3031 774 3094 23a
797 3028 928 3095 Tiberio
951 3029 1052 3116 gestis
1075 3051 1168 3095 nunc
1191 3050 1274 3117 opus
1298 3038 1348 3096 est

169 3133 347 3220 explicare.

264 3241 376 3325 Atque
398 3241 533 3306 Tacitus
557 3241 671 3307 scribit
691 3241 752 3321 IV,
779 3246 812 3308 1:
842 3242 898 3309 «0.
919 3245 1035 3310 Asinio
1062 3243 1095 3310 Ο.
1113 3244 1254 3310 Antistio
1278 3265 1348 3310 eoo·

170 3349 299 3414 solibus
314 3369 416 3414 bonos
434 3350 558 3415 Tiberio
573 3371 678 3414 oenus
694 3357 764 3415 eret
781 3353 966 3432 conpositae
980 3351 1189 3431 reipublicae,
1205 3351 1349 3431 floreatis

170 3457 294 3532 denos,
319 3476 389 3520 cum
407 3462 532 3537 repente
547 3457 676 3522 turbore
688 3459 821 3539 fortooo
845 3459 951 3537 coepit,
974 3457 1096 3521 soeolre
1118 3459 1186 3538 ipse
1201 3464 1258 3522 out
1280 3478 1348 3522 soe-

169 3561 329 3627 oieottlos
351 3563 434 3626 ee‘res
451 3564 623 3643 praetereo
650 3568 682 3626 et
706 3561 764 3641 VI,
784 3564 842 3628 51:
871 3563 973 3627 «idem
989 3559 1067 3647 (scil.
1085 3558 1249 3646 Tiberius)
1265 3563 1348 3627 lotor

171 3669 255 3733 boon
277 3669 423 3749 oculoque
445 3670 565 3734 mixtos
586 3670 737 3734 incolomi
759 3677 893 3736 matre».
930 3668 1088 3735 Similiter
1110 3674 1221 3733 autem
1246 3672 1348 3752 atquc

171 3773 308 3838 Tacitus
337 3772 401 3838 Dio
423 3773 558 3850 iudicat,
595 3795 673 3839 cum
702 3781 735 3840 et
766 3775 937 3841 saevitiam
968 3774 1100 3839 Tiberio
1128 3773 1259 3837 crimini
1291 3772 1349 3839 dat

172 3900 345 3947 summam
368 3885 400 3944 et
423 3901 682 3965 nonnumquam
706 3880 851 3946 eundem
867 3881 992 3965 optime
1015 3880 1130 3946 fecisse
1153 3877 1279 3958 scribit;
1306 3879 1346 3945 cl.

173 3987 228 4065 57,
253 3987 310 4052 24:
335 3996 476 4051 τοσοῦτον
500 3989 554 4070 μὲν
578 3987 616 4072 δὴ
641 3991 674 4052 τὸ
698 3988 877 4051 διαλλάττον
901 3985 931 4052 ἐν
955 3996 1024 4060 ταῖς
1043 3984 1183 4071 Τιβερίου
1206 3987 1348 4071 πράξεσιν

173 4091 242 4179 ἠν».
291 4091 470 4158 Suetonius
495 4093 639 4178 denique
661 4094 833 4159 Tiberium
857 4114 946 4159 anno
971 4096 1013 4159 23
1036 4095 1255 4159 immutatum
1278 4113 1349 4158 esse

172 4220 244 4265 non
267 4198 377 4278 tradit,
411 4221 527 4265 verum
551 4200 709 4266 vitiosum
739 4201 865 4267 lactum
889 4205 1001 4263 namot
1023 4198 1102 4263 inde
1125 4197 1168 4262 ab
1192 4218 1281 4263 anno
1306 4197 1347 4262 26

174 4303 259 4391 (Tib.
277 4303 342 4390 41).
375 4306 469 4383 Quae
485 4327 562 4371 oum
579 4307 625 4371 ita
641 4308 717 4386 sint,
739 4325 840 4385 nunc,
858 4324 944 4389 quae
960 4305 1063 4389 egerit
1079 4302 1231 4368 Tiberius
1250 4302 1348 4368 annis

176 4413 319 4491 23-26,
345 4412 600 4479 consideremus.

1215 4531 1241 4573 3·
