3084 5050
621 415 842 478 ..67-

146 612 254 680 varias
277 611 321 677 ob
345 623 473 676 causas.
520 609 632 696 Atque
654 609 699 674 M.
725 608 837 676 Vinici
860 608 1017 677 anunm
1049 609 1208 690 laudavit,
1240 633 1317 677 cum

145 719 301 788 transiret
340 717 385 784 ad
424 716 551 784 bellum
595 715 851 783 describendum
893 716 991 783 annis
1025 719 1124 782 4-6
1164 718 1201 784 in
1240 718 1315 784 Ger·

145 827 259 894 mania
291 830 433 912 gestum.
484 824 634 890 Passieni
665 829 778 890 autem
808 829 841 889 et
872 822 966 890 (lessi
994 824 1198 890 mentionem
1229 825 1316 905 fecit,

145 934 204 1020 qui
226 932 342 999 eodem
367 931 433 997 fere
456 935 603 1017 tempore
626 951 693 1016 quo
716 929 838 997 Vibius
861 930 1042 997 Postumus
1063 930 1101 996 in
1127 931 1316 1011 Germania,

144 1041 182 1107 in
203 1040 317 1106 Africa
348 1037 564 1123 triumphalia
594 1036 690 1123 signa
720 1037 929 1102 meruissent.
975 1036 1133 1104 Blaesum
1162 1037 1317 1123 deinceps

145 1153 178 1214 et
191 1145 399 1213 Dolabellam
415 1144 573 1224 laudavit,
590 1165 666 1209 cum
683 1143 860 1210 seditiones
876 1149 1149 1210 commemoraret
1168 1165 1258 1208 anno
1275 1146 1318 1208 14

145 1252 351 1321 amilitibus
381 1251 494 1318 factas.
542 1250 654 1317 Seiani
686 1250 840 1336 denique,
873 1251 1038 1337 Pomponi
1068 1249 1188 1330 Flacci,
1217 1249 1318 1316 Drusi

145 1359 292 1438 Libonis,
317 1357 353 1424 O.
378 1356 459 1437 Silii,
483 1355 613 1422 Pisonis
637 1357 775 1442 scriptor
798 1357 1002 1422 mentionem
1025 1355 1102 1421 fecit
1119 1356 1155 1422 in
1171 1355 1318 1442 imagine

146 1462 362 1553 exprimenda
383 1483 494 1529 rerum
516 1461 595 1528 inde
618 1462 661 1527 ab
682 1484 772 1528 anno
791 1465 832 1529 14
847 1483 954 1548 usque
969 1461 1012 1528 ad
1027 1481 1056 1527 a.
1075 1463 1117 1528 29
1135 1468 1314 1547 gestarum.

146 1572 297 1650 Quorum
323 1571 480 1646 virorum,
504 1569 533 1634 si
555 1567 882 1649 consideraverimus,
908 1575 1000 1635 extra
1028 1589 1140 1634 rerum
1164 1567 1316 1633 ordinem

144 1699 164 1744 a
186 1677 314 1745 Velleio
337 1675 526 1741 nominatos
549 1695 620 1742 esse
642 1674 831 1743 videbimus
855 1674 966 1740 nullos
989 1675 1053 1740 nisi
1069 1675 1266 1740 Passienum
1284 1680 1317 1741 et

146 1785 295 1852 Cossum.
343 1781 441 1861 Quod
471 1802 539 1868 qua
568 1802 603 1847 re
632 1781 758 1847 factum
792 1782 844 1862 ait,
877 1803 946 1848 non
978 1780 1211 1868 intellegimus
1236 1780 1317 1866 quia

145 1912 231 1979 quae
262 1890 303 1956 iis
336 1909 415 1955 cum
444 1887 634 1954 Messallino
667 1889 887 1955 intercesserit
928 1889 1031 1969 ratio,
1064 1909 1134 1954 non
1172 1906 1316 1973 comper·

145 2004 218 2065 tum
249 1996 423 2065 habemus.
465 1979 582 2083 Neque
607 1995 753 2082 scriptor,
776 1995 859 2061 dum
879 2017 957 2064 vera
978 1997 1096 2078 reddit,
1120 1996 1317 2083 reprehendi

144 2110 253 2194 potest
284 2104 321 2170 in
356 2124 404 2183 eo,
443 2102 534 2189 quod
566 2102 718 2169 omnium
751 2124 821 2168 non
858 2102 973 2170 eodem
1007 2102 1108 2170 modo
1147 2103 1316 2170 studiosus

144 2218 202 2291 est,
237 2209 430 2298 praesertim
459 2230 536 2276 cum
568 2214 607 2275 ut
638 2208 785 2294 aequalis
819 2209 996 2278 hominurn
1031 2232 1140 2297 neque
1180 2210 1316 2296 ingenia

144 2338 253 2404 neque
285 2317 373 2384 facta
409 2324 478 2383 tam
519 2317 604 2383 bene
643 2316 818 2383 aestimare
856 2318 1000 2405 potuerit
1039 2339 1142 2405 quam
1182 2318 1313 2404 posteri.

144 2425 233 2492 Vera
255 2430 369 2491 autem
391 2423 558 2492 Velleium
581 2423 761 2490 memoriae
792 2424 976 2510 prodidisse
1001 2426 1157 2494 vidimus.
1203 2425 1315 2510 Atque

148 2533 247 2599 etiam
278 2532 392 2598 minus
420 2530 595 2597 ambitiose
626 2517 758 2618 scripsit
791 2553 893 2617 quam
929 2532 1073 2614 Tacitus,
1107 2533 1166 2620 qui
1199 2531 1314 2597 multis

145 2639 243 2706 annis
274 2644 350 2724 post
381 2637 518 2704 annales
548 2658 626 2704 suos
650 2638 845 2725 conscripsit
872 2641 958 2705 «mac
987 2642 1316 2707 tractandarum

147 2744 284 2812 reddere
306 2744 474 2830 gloriatus.
521 2743 575 2809 Ad
600 2750 797 2826 extremum,
821 2745 855 2811 id
879 2745 971 2832 quod
997 2746 1232 2832 gravissimum
1256 2751 1313 2826 est,
1360 2793 1364 2800 ·

145 2851 293 2919 Velleius
309 2855 404 2916 tanta
419 2871 496 2915 cum
513 2850 724 2917 festinatione
740 2851 913 2919 historiam
930 2853 1125 2938 composuit,
1149 2859 1188 2919 ut
1203 2874 1315 2918 rerum

143 2958 197 3026 vel
219 2958 397 3024 hominum
412 2957 781 3023 commemorandorum
806 2958 971 3024 delectum
994 2981 1218 3046 magnacum
1243 2959 1312 3024 dili·

143 3065 256 3151 gentia
278 3064 450 3130 instituere
472 3085 686 3151 nequaquam
711 3072 822 3151 posset
843 3065 896 3153 (cf.
915 3088 946 3152 p.
965 3068 986 3132 3
1002 3064 1072 3153 sq).
1118 3065 1315 3144 Quomodo

143 3170 270 3236 factum
302 3177 359 3251 est,
391 3177 430 3238 ut
459 3193 511 3238 res
540 3193 561 3237 a
583 3171 628 3238 M.
653 3172 786 3240 Vinicio
813 3193 903 3239 anno
926 3174 1033 3260 primo
1055 3197 1087 3261 p.
1113 3173 1190 3240 Chr.
1215 3195 1247 3242 n.
1278 3174 1315 3240 in

144 3276 324 3344 Germania
346 3278 553 3344 mediocriter
574 3285 683 3365 gestas
707 3286 981 3346 commemoraret
1004 3280 1056 3366 (cf.
1079 3303 1111 3366 p.
1139 3279 1203 3366 58),
1224 3302 1313 3367 prae·

143 3383 325 3449 clarissima
347 3389 459 3449 autem
483 3384 570 3450 facta
594 3386 753 3452 avunculi
784 3387 864 3467 eius,
893 3408 979 3472 quae
1002 3387 1181 3453 memoriae
1206 3387 1314 3474 prodi·

144 3487 193 3555 dit
221 3490 286 3555 Dio
309 3491 362 3568 53,
395 3492 447 3571 26,
472 3491 646 3556 omitteret.
694 3492 806 3578 Atque
838 3493 953 3558 eadem
988 3493 1029 3559 de
1059 3514 1159 3559 causa
1192 3493 1314 3560 oblitus

143 3602 193 3663 est
224 3617 482 3664 commemorare
516 3602 549 3664 et
583 3597 619 3667 O.
643 3598 749 3664 Sentii
776 3598 949 3666 Saturnini
976 3606 1172 3666 ornamenta
1198 3600 1314 3665 trium·

142 3702 257 3789 phalis
283 3701 359 3789 (Dio
382 3706 436 3784 55,
461 3703 516 3792 28)
540 3711 573 3772 et
596 3703 708 3772 Plauti
730 3706 858 3774 Silvani
889 3713 922 3772 et
950 3706 991 3772 A.
1018 3706 1179 3772 Caecinae
1203 3705 1315 3772 Severi

142 3806 194 3896 (cf.
221 3831 253 3896 p.
283 3806 346 3894 66).
402 3808 521 3896 [Quem
555 3812 760 3898 Agrippinae
801 3813 998 3878 familiarem
1042 3812 1145 3879 fuisse
1186 3833 1228 3878 ex
1273 3813 1313 3878 iis

143 3917 224 3984 locis
246 3937 332 4002 quos
355 3915 451 3982 affert
473 3916 660 3998 Abraham,
698 3940 769 3985 non
803 3920 989 3999 conficitur;
1028 3920 1111 4005 quin
1145 3920 1244 3986 etiam
1277 3920 1314 3985 in

55 4063 64 4088 2
143 4023 266 4090 Tiberii
300 4024 442 4110 gratiam
476 4021 669 4110 loquentem
704 4046 782 4091 eum
805 4026 884 4092 facit
906 4025 1041 4093 Tacitus
1064 4048 1142 4092 ann.
1166 4028 1226 4107 HI,
1253 4025 1312 4114 18.]

142 4129 259 4216 Neque
293 4130 452 4198 Seianum
491 4139 677 4200 «rectorem»
707 4133 818 4199 Druso
840 4133 876 4198 in
900 4132 1131 4220 componenda
1154 4133 1314 4200 seditione

141 4235 288 4302 militum
322 4257 412 4303 anno
448 4239 488 4304 14
522 4237 668 4306 adfuisse
702 4239 825 4319 scribit,
860 4240 894 4305 id
930 4240 1019 4326 quod
1043 4240 1178 4306 Tacitis
1205 4239 1314 4305 reddit

142 4343 335 4422 ann.1,24,
359 4342 417 4409 sed
438 4344 546 4410 solum
569 4345 727 4412 Blaesum
753 4349 965 4431 «singularem
987 4347 1094 4414 Drusi
1116 4349 1310 4413 adiutorem»

142 4449 296 4536 appellat.

1178 4575 1207 4614 ἦ*
