3084 5050
622 403 843 466 ..51-

140 597 303 677 Velleius,
340 618 417 662 cum
453 596 625 662 Tiberim
663 617 774 662 «nsum
800 597 947 662 ministro
985 603 1015 662 et
1041 597 1187 663 adiutore
1209 595 1320 664 Druso

138 709 210 790 filio
232 727 309 772 suo»
296 700 588 768 »Maroboduum
619 700 745 767 finibus
774 700 940 786 expulisse
962 701 1108 786 scripsit;
1141 721 1221 766 nam
1245 723 1319 767 con·

141 812 323 878 firmantur
349 829 397 888 ea,
422 828 508 893 quae
548 812 669 888 narrat,
716 826 737 872 a
770 805 885 871 Tacito
932 826 1012 870 ann.
1053 806 1096 885 Π,
1136 808 1189 872 62
1250 807 1319 874 Suo

143 915 326 1001 denique
317 935 389 980 rure
420 913 559 999 scriptor
590 914 663 991 130,
689 913 709 977 3
736 911 909 978 Tiberium
931 931 1066 978 summo
1088 910 1201 979 dolore
1222 913 1318 979 affec-

142 1031 218 1089 tum
250 1041 321 1086 esse
357 1019 457 1085 tradit
488 1025 594 1085 morte
622 1020 724 1085 Drusi
757 1018 826 1084 filii.
872 1018 961 1084 Nam
988 1018 1142 1103 quamvis
1163 1019 1318 1085 'liberius

142 1127 313 1195 interdum
336 1126 396 1192 filii
423 1147 531 1192 mores
563 1147 633 1190 non
668 1123 854 1192 laudaverit
840 1123 972 1210 t(Tac.
1007 1145 1086 1190 ann.
1116 1125 1143 1205 I,
1177 1127 1236 1204 76;
1273 1125 1316 1204 Π,

143 1236 205 1312 44;
239 1233 303 1298 1)ἰο
324 1232 376 1310 57,
404 1230 546 1318 13-14)
569 1267 614 1278 -
638 1229 697 1316 qui
712 1236 798 1295 certe
816 1229 953 1315 pessimi
967 1250 1037 1294 non
1052 1236 1160 1310 erant;
1184 1251 1265 1297 nam
1288 1237 1321 1298 et

143 1359 283 1404 uxorem
300 1357 397 1403 susm
410 1336 598 1422 liberosque
620 1337 750 1402 Drusus
774 1333 890 1400 dilexit
911 1335 1099 1421 habuitque
1121 1357 1214 1402 caros
1230 1337 1318 1424 (Tac.

144 1465 224 1509 ann.
247 1443 307 1522 ΙΠ,
332 1442 386 1530 34)
409 1448 444 1508 et
466 1442 665 1522 Germanici,
697 1462 844 1526 quocum
868 1441 995 1526 optima
1018 1441 1048 1506 ei
1069 1441 1254 1507 intercessit
1276 1442 1319 1507 fa·

143 1550 317 1616 miliaritas
344 1547 433 1635 (ann.
465 1549 507 1629 Π,
531 1551 584 1614 43.
610 1550 662 1614 51.
686 1545 749 1632 53),
782 1545 903 1612 liberos
936 1552 1068 1613 mortuo
1090 1554 1183 1632 patre
1214 1550 1320 1616 tuitus

144 1663 196 1721 est
216 1654 307 1742 (ann.
332 1655 391 1734 IV,
408 1653 442 1740 4)
474 1691 517 1702 -
539 1660 654 1720 tamen
676 1653 779 1740 patris
802 1673 915 1718 amore
937 1672 1015 1718 eum
1038 1660 1233 1739 prosecutus
1256 1659 1319 1734 est;

144 1762 185 1826 cf.
214 1761 292 1828 Tac.
323 1781 402 1826 ann.
435 1761 461 1840 I,
492 1763 549 1827 52:
589 1762 812 1843 «paucioribus
835 1759 1060 1826 Drusum...
1085 1761 1318 1840 laudavisset

143 1870 296 1935 intentior
318 1875 348 1934 et
363 1869 433 1950 (ido
449 1871 626 1946 oratione›;
653 1867 697 1946 11,
714 1867 768 1931 44:
797 1867 965 1932 «Tiberius
979 1887 1013 1932 se
1028 1868 1174 1932 tutiorem
1189 1867 1319 1932 rebatur

144 1983 278 2057 utroque
298 1975 366 2056 (iiio
388 1975 522 2058 ieqiones
544 1974 735 2050 obtinentes·
771 1970 831 2050 ΙΠ,
856 1972 914 2035 37:
955 1973 1013 2037 tob
1035 1994 1069 2038 eo
1096 1970 1175 2058 (scil.
1200 1971 1321 2057 Druso)

143 2082 179 2144 in
208 2081 287 2145 urbe
311 2081 532 2249 intercoelos
566 2084 595 2143 et
625 2098 782 2144 sermones
811 2078 973 2142 bominum
1000 2078 1181 2144 obversante
1202 2085 1322 2144 secreto

146 2289 208 2356 ὄντι
223 2191 452 2374 moresensi
460 2290 537 2355 Tac.
555 2309 633 2353 enn.
612 2233 712 2367 ΠΙ,
732 2291 788 2354 56:
817 2290 1036 2355 ‹Tiberiusu
1055 2291 1184 2355 mittit
1198 2291 1323 2356 litteras

146 2397 194 2462 od
214 2403 369 2474 senatum,
393 2396 465 2479 quis
481 2417 527 2477 po
528 2402 669 2461 itemesto
686 2397 892 2462 tribuniciam
908 2394 1019 2462 Druso
1036 2397 1212 2476 petebat..
1234 2416 1321 2478 ,ΙΙΙ

145 2509 221 2568 tunc
243 2503 381 2583 memplo
408 2502 554 2567 Tiberius
582 2500 730 2586 Drusum
757 2523 899 2568 summae
925 2503 974 2567 rei
996 2503 1143 2580 admouit,
1177 2522 1249 2566 cum
1270 2503 1320 2566 in-

145 2609 260 2674 eolumi
295 2609 484 2674 Germanico
517 2609 676 2692 inteqrum
711 2610 796 2673 inter
832 2609 911 2674 duos
944 2609 1102 2672 indicium
1138 2610 1319 2674 tenuisset».

145 2713 258 2798 Atque
289 2712 399 2797 iniqui
429 2712 561 2778 Tiberio
592 2712 812 2779 inveniuntur
842 2723 876 2778 et
898 2712 1077 2779 Suetonius
1100 2711 1183 2798 (Tib.
1209 2710 1264 2798 52)
1287 2720 1320 2778 et

145 2819 282 2884 Tacitus
305 2817 396 2904 (ann.
420 2818 479 2892 IV,
505 2816 546 2904 8),
577 2819 636 2904 qui
659 2839 737 2884 eum
760 2819 868 2884 alieno
891 2820 928 2884 in
950 2819 1058 2884 filium
1081 2819 1194 2884 enimo
1216 2819 1319 2884 fuisse

145 2924 305 3003 scribunt,
342 2924 433 3010 quod
456 2945 495 2990 eo
518 2923 676 2989 defuncto
698 2925 745 2989 rei
769 2924 923 3011 publicae
938 2924 1226 2990 administratione
1249 2945 1318 2990 uon

145 3029 370 3096 abstinuisset.
401 3030 479 3095 Non
502 3030 591 3094 enim
614 3050 730 3094 curam
748 3031 795 3095 rei
810 3030 964 3116 publicae
980 3029 1108 3096 abicere
1122 3030 1318 3117 propinquis

146 3137 286 3202 mortuis
309 3157 382 3201 mos
406 3142 475 3202 erat
498 3136 637 3217 Tiberii3
661 3137 703 3202 cf.
727 3137 791 3203 Dio
815 3138 867 3217 57,
894 3140 945 3202 14.
971 3139 1027 3215 22;
1054 3138 1105 3214 58,
1132 3137 1161 3201 2.

233 3241 334 3307 Porro
357 3241 506 3308 Velleius
531 3244 650 3322 130,3
684 3243 856 3309 Tiberium
890 3249 1032 3310 mortem
1065 3242 1224 3328 nepotis
1261 3265 1318 3308 «er

145 3349 255 3414 Druso
286 3371 362 3414 suo»
400 3348 544 3414 doluisse
578 3348 700 3414 scribit.
759 3348 859 3426 Quod
891 3371 1008 3416 verum
1040 3368 1111 3413 esse
1144 3349 1237 3414 testis
1268 3355 1318 3414 est

144 3453 279 3520 Tacitus
302 3474 381 3519 ann.
405 3452 464 3534 IV,
492 3455 551 3519 15:
590 3457 693 3522 «idem
725 3477 830 3522 onnus
862 3452 902 3540 (a.
928 3453 982 3540 23)
1005 3457 1067 3522 aiio
1090 3477 1210 3539 quoque
1231 3457 1316 3520 luctu

149 3559 315 3626 Gaesarem
346 3562 465 3642 affecit,
505 3562 640 3626 aiterum
669 3583 708 3627 er
743 3563 877 3646 pominis
915 3561 1022 3628 Drusi
1063 3562 1172 3628 liberis
1216 3565 1316 3628 entin-

141 3668 295 3750 quondo».

232 3771 297 3837 Sed
319 3772 403 3838 haec
424 3792 528 3859 parva
550 3779 637 3850 sunt,
664 3774 837 3840 veniamus
852 3773 894 3837 ad
919 3772 1044 3837 maiora
1059 3779 1100 3852 et,
1125 3793 1192 3857 quo
1215 3773 1316 3839 modo

144 3875 281 3962 scriptor
312 3877 516 3943 montionem
549 3877 661 3942 fecerit
683 3877 946 3963 Agrippinae,
978 3879 1165 3945 Germanici
1191 3882 1313 3955 uxoris,

143 3982 398 4050 consideremus.
446 3983 558 4068 Atque
580 3982 683 4049 verba
705 3984 776 4049 eius
799 3989 880 4049 sunt
901 3985 997 4050 hacc:
1036 3987 1189 4053 «domnia
1211 3990 1315 4054 adbuc

142 4090 337 4155 rettulimus:
361 4091 549 4156 veniendum
573 4090 617 4155 ad
633 4091 841 4156 erubescenda
871 4098 925 4156 est.
977 4096 1106 4175 quentis
1135 4094 1191 4160 boe
1218 4097 1314 4160 trien·

141 4195 241 4274 nium,
265 4197 315 4260 M.
341 4195 454 4275 Vinici,
487 4197 647 4262 doloribus
669 4197 821 4262 lacerarit
847 4197 990 4262 animum
1013 4201 1101 4265 eius!
1138 4221 1234 4282 quom
1257 4202 1314 4265 diu

141 4301 296 4379 obstruso,
330 4304 414 4384 qnod
447 4304 679 4369 misserrimnm
713 4309 767 4381 est,
792 4309 905 4384 peetus
939 4305 1007 4370 eius
1037 4306 1190 4389 stuprarit
1211 4308 1312 4372 incen-

11 4413 12 4416 ’
140 4407 203 4486 dio,
239 4409 322 4490 quod
349 4429 387 4474 en
413 4430 500 4474 nuru
523 4460 530 4474 .
550 4459 584 4474 ..
622 4409 739 4488 dolere,
773 4410 949 4494 intimari,
984 4413 1160 4478 erubescere
1190 4420 1314 4480 coactus

1178 4523 1205 4567 4.
