<?xml version="1.0" encoding="UTF-8"?>
<!DOCTYPE html PUBLIC "-//W3C//DTD XHTML 1.0 Transitional//EN"
    "http://www.w3.org/TR/xhtml1/DTD/xhtml1-transitional.dtd">
<html xmlns="http://www.w3.org/1999/xhtml" xml:lang="en" lang="en">
 <head>
  <title>
</title>
<meta http-equiv="Content-Type" content="text/html;charset=utf-8" />
  <meta name='ocr-system' content='tesseract 3.04.00' />
  <meta name='ocr-capabilities' content='ocr_page ocr_carea ocr_par ocr_line ocrx_word'/>
</head>
<body>
  <div class='ocr_page' id='page_1' title='image "./develleipatercu01fausgoog_0031.png"; bbox 0 0 3098 5052; ppageno 0'>
   <div class='ocr_carea' id='block_1_1' title="bbox 709 381 929 444">
    <p class='ocr_par' dir='ltr' id='par_1_1' title="bbox 709 381 929 444">
     <span class='ocr_line' id='line_1_1' title="bbox 709 381 929 444; baseline 0.009 -20"><span class='ocrx_word' id='word_1_1' title='bbox 709 381 929 444; x_wconf 65' lang='lat'>..24-</span> 
     </span>
    </p>
   </div>
   <div class='ocr_carea' id='block_1_2' title="bbox 231 571 1425 1190">
    <p class='ocr_par' dir='ltr' id='par_1_2' title="bbox 231 571 1425 1190">
     <span class='ocr_line' id='line_1_2' title="bbox 233 571 1425 662; baseline -0.004 -21"><span class='ocrx_word' id='word_1_2' title='bbox 233 581 327 662; x_wconf 89' lang='lat' dir='ltr'>parte</span> <span class='ocrx_word' id='word_1_3' title='bbox 350 575 452 640; x_wconf 90' lang='lat' dir='ltr'>fidem</span> <span class='ocrx_word' id='word_1_4' title='bbox 475 574 654 641; x_wconf 77' lang='lat' dir='ltr'><strong>habuerint</strong></span> <span class='ocrx_word' id='word_1_5' title='bbox 675 574 726 654; x_wconf 86' lang='lat' dir='ltr'>iis,</span> <span class='ocrx_word' id='word_1_6' title='bbox 757 575 816 660; x_wconf 91' lang='lat' dir='ltr'>qui</span> <span class='ocrx_word' id='word_1_7' title='bbox 839 572 1010 639; x_wconf 84' lang='lat' dir='ltr'>Tiberium</span> <span class='ocrx_word' id='word_1_8' title='bbox 1039 571 1081 637; x_wconf 92' lang='lat' dir='ltr'>ab</span> <span class='ocrx_word' id='word_1_9' title='bbox 1105 571 1259 658; x_wconf 80' lang='lat' dir='ltr'>Augusto</span> <span class='ocrx_word' id='word_1_10' title='bbox 1282 593 1425 636; x_wconf 80' lang='lat' dir='ltr'>succes·</span> 
     </span>
     <span class='ocr_line' id='line_1_3' title="bbox 234 677 1409 762; baseline -0.004 -15"><span class='ocrx_word' id='word_1_11' title='bbox 234 703 342 748; x_wconf 89' lang='lat' dir='ltr'>sorem</span> <span class='ocrx_word' id='word_1_12' title='bbox 375 681 579 747; x_wconf 86' lang='lat' dir='ltr'>destinatum</span> <span class='ocrx_word' id='word_1_13' title='bbox 612 701 683 746; x_wconf 87' lang='lat' dir='ltr'>esse</span> <span class='ocrx_word' id='word_1_14' title='bbox 717 679 882 759; x_wconf 80' lang='lat' dir='ltr'>dicebant,</span> <span class='ocrx_word' id='word_1_15' title='bbox 907 684 956 758; x_wconf 87' lang='lat' dir='ltr'>ut,</span> <span class='ocrx_word' id='word_1_16' title='bbox 986 699 1063 744; x_wconf 88' lang='lat' dir='ltr'>eum</span> <span class='ocrx_word' id='word_1_17' title='bbox 1086 677 1142 743; x_wconf 84' lang='lat' dir='ltr'>ille</span> <span class='ocrx_word' id='word_1_18' title='bbox 1165 699 1283 746; x_wconf 89' lang='lat' dir='ltr'>saevus</span> <span class='ocrx_word' id='word_1_19' title='bbox 1306 684 1409 762; x_wconf 85' lang='lat' dir='ltr'>atque</span> 
     </span>
     <span class='ocr_line' id='line_1_4' title="bbox 234 783 1407 874; baseline -0.004 -22"><span class='ocrx_word' id='word_1_20' title='bbox 234 809 392 874; x_wconf 84' lang='lat' dir='ltr'>arrogans</span> <span class='ocrx_word' id='word_1_21' title='bbox 427 793 521 868; x_wconf 91' lang='lat' dir='ltr'>esset,</span> <span class='ocrx_word' id='word_1_22' title='bbox 555 786 750 853; x_wconf 91' lang='lat' dir='ltr'>hominibus</span> <span class='ocrx_word' id='word_1_23' title='bbox 782 807 886 872; x_wconf 87' lang='lat' dir='ltr'>quam</span> <span class='ocrx_word' id='word_1_24' title='bbox 915 783 1102 850; x_wconf 85' lang='lat' dir='ltr'>maximum</span> <span class='ocrx_word' id='word_1_25' title='bbox 1130 784 1183 850; x_wconf 87' lang='lat' dir='ltr'>sui</span> <span class='ocrx_word' id='word_1_26' title='bbox 1206 783 1407 851; x_wconf 90' lang='lat' dir='ltr'>desiderium</span> 
     </span>
     <span class='ocr_line' id='line_1_5' title="bbox 232 887 1408 980; baseline -0.003 -21"><span class='ocrx_word' id='word_1_27' title='bbox 232 894 376 960; x_wconf 90' lang='lat' dir='ltr'>iniceret.</span> <span class='ocrx_word' id='word_1_28' title='bbox 409 894 481 980; x_wconf 87' lang='lat' dir='ltr'>Age</span> <span class='ocrx_word' id='word_1_29' title='bbox 504 913 705 979; x_wconf 77' lang='lat' dir='ltr'>quaeramus</span> <span class='ocrx_word' id='word_1_30' title='bbox 720 893 809 957; x_wconf 90' lang='lat' dir='ltr'>hanc</span> <span class='ocrx_word' id='word_1_31' title='bbox 831 891 1072 957; x_wconf 80' lang='lat' dir='ltr'>dissensionem</span> <span class='ocrx_word' id='word_1_32' title='bbox 1088 889 1197 976; x_wconf 87' lang='lat' dir='ltr'>qualis</span> <span class='ocrx_word' id='word_1_33' title='bbox 1213 890 1264 954; x_wconf 87' lang='lat' dir='ltr'>sit.</span> <span class='ocrx_word' id='word_1_34' title='bbox 1295 887 1408 975; x_wconf 87' lang='lat' dir='ltr'>Atque</span> 
     </span>
     <span class='ocr_line' id='line_1_6' title="bbox 232 986 1407 1083; baseline -0.002 -19"><span class='ocrx_word' id='word_1_35' title='bbox 232 1006 272 1065; x_wconf 87' lang='lat' dir='ltr'>ut</span> <span class='ocrx_word' id='word_1_36' title='bbox 295 1000 449 1065; x_wconf 87' lang='lat' dir='ltr'>Tacitum</span> <span class='ocrx_word' id='word_1_37' title='bbox 471 1000 519 1066; x_wconf 89' lang='lat' dir='ltr'>ita</span> <span class='ocrx_word' id='word_1_38' title='bbox 542 999 694 1076; x_wconf 93' lang='lat' dir='ltr'>Dionem,</span> <span class='ocrx_word' id='word_1_39' title='bbox 719 998 778 1083; x_wconf 90' lang='lat' dir='ltr'>qui</span> <span class='ocrx_word' id='word_1_40' title='bbox 805 986 981 1064; x_wconf 72' lang='lat' dir='ltr'>«communi</span> <span class='ocrx_word' id='word_1_41' title='bbox 997 1019 1090 1080; x_wconf 75' lang='lat' dir='ltr'>ecque</span> <span class='ocrx_word' id='word_1_42' title='bbox 1105 1019 1168 1062; x_wconf 79' lang='lat' dir='ltr'>cao</span> <span class='ocrx_word' id='word_1_43' title='bbox 1192 997 1407 1062; x_wconf 75' lang='lat' dir='ltr'>tantammodo</span> 
     </span>
     <span class='ocr_line' id='line_1_7' title="bbox 231 1089 1407 1190; baseline -0.004 -19"><span class='ocrx_word' id='word_1_44' title='bbox 231 1108 335 1188; x_wconf 73' lang='lat' dir='ltr'>fonte»</span> <span class='ocrx_word' id='word_1_45' title='bbox 372 1107 437 1171; x_wconf 94' lang='lat' dir='ltr'>hoc</span> <span class='ocrx_word' id='word_1_46' title='bbox 471 1089 544 1171; x_wconf 89' lang='lat' dir='ltr'>loco</span> <span class='ocrx_word' id='word_1_47' title='bbox 578 1106 630 1171; x_wconf 89' lang='lat' dir='ltr'>usi</span> <span class='ocrx_word' id='word_1_48' title='bbox 654 1110 734 1170; x_wconf 89' lang='lat' dir='ltr'>sunt</span> <span class='ocrx_word' id='word_1_49' title='bbox 762 1102 814 1190; x_wconf 84' lang='lat' dir='ltr'>(cf.</span> <span class='ocrx_word' id='word_1_50' title='bbox 838 1101 1075 1169; x_wconf 83' lang='lat' dir='ltr'>Froitzheim11</span> <span class='ocrx_word' id='word_1_51' title='bbox 1097 1124 1130 1188; x_wconf 93' lang='lat' dir='ltr'>p.</span> <span class='ocrx_word' id='word_1_52' title='bbox 1156 1099 1220 1187; x_wconf 84' lang='lat'>30),</span> <span class='ocrx_word' id='word_1_53' title='bbox 1256 1121 1407 1166; x_wconf 88' lang='lat' dir='ltr'>rumores</span> 
     </span>
    </p>
   </div>
   <div class='ocr_carea' id='block_1_3' title="bbox 232 1207 1408 4478">
    <p class='ocr_par' dir='ltr' id='par_1_3' title="bbox 232 1207 1407 3631">
     <span class='ocr_line' id='line_1_8' title="bbox 234 1207 1407 1294; baseline -0.002 -18"><span class='ocrx_word' id='word_1_54' title='bbox 234 1211 416 1278; x_wconf 85' lang='lat' dir='ltr'>reddidisse</span> <span class='ocrx_word' id='word_1_55' title='bbox 432 1212 533 1278; x_wconf 85' lang='lat' dir='ltr'>falsos</span> <span class='ocrx_word' id='word_1_56' title='bbox 549 1211 629 1277; x_wconf 86' lang='lat' dir='ltr'>satis</span> <span class='ocrx_word' id='word_1_57' title='bbox 645 1209 790 1276; x_wconf 88' lang='lat' dir='ltr'>ostendit</span> <span class='ocrx_word' id='word_1_58' title='bbox 812 1209 1001 1288; x_wconf 82' lang='lat' dir='ltr'>Suetonius,</span> <span class='ocrx_word' id='word_1_59' title='bbox 1018 1208 1078 1294; x_wconf 92' lang='lat' dir='ltr'>qui</span> <span class='ocrx_word' id='word_1_60' title='bbox 1100 1209 1225 1274; x_wconf 86' lang='lat' dir='ltr'>litteras</span> <span class='ocrx_word' id='word_1_61' title='bbox 1248 1207 1346 1273; x_wconf 82' lang='lat' dir='ltr'>affert</span> <span class='ocrx_word' id='word_1_62' title='bbox 1363 1207 1407 1274; x_wconf 86' lang='lat' dir='ltr'>ab</span> 
     </span>
     <span class='ocr_line' id='line_1_9' title="bbox 232 1313 1404 1402; baseline -0.003 -20"><span class='ocrx_word' id='word_1_63' title='bbox 232 1317 387 1402; x_wconf 86' lang='lat' dir='ltr'>Augusto</span> <span class='ocrx_word' id='word_1_64' title='bbox 403 1317 445 1381; x_wconf 89' lang='lat' dir='ltr'>ad</span> <span class='ocrx_word' id='word_1_65' title='bbox 462 1317 633 1382; x_wconf 88' lang='lat' dir='ltr'>Tiberium</span> <span class='ocrx_word' id='word_1_66' title='bbox 649 1316 768 1382; x_wconf 87' lang='lat' dir='ltr'>missas</span> <span class='ocrx_word' id='word_1_67' title='bbox 791 1315 1078 1393; x_wconf 59' lang='lat' dir='ltr'>familiarissimam</span> <span class='ocrx_word' id='word_1_68' title='bbox 1109 1315 1150 1380; x_wconf 88' lang='lat' dir='ltr'>ef.</span> <span class='ocrx_word' id='word_1_69' title='bbox 1171 1313 1254 1400; x_wconf 85' lang='lat' dir='ltr'>Aug.</span> <span class='ocrx_word' id='word_1_70' title='bbox 1275 1316 1327 1381; x_wconf 80' lang='lat'>71.</span> <span class='ocrx_word' id='word_1_71' title='bbox 1353 1316 1404 1380; x_wconf 82' lang='lat'>76.</span> 
     </span>
     <span class='ocr_line' id='line_1_10' title="bbox 234 1420 1405 1502; baseline -0.004 -13"><span class='ocrx_word' id='word_1_72' title='bbox 234 1425 290 1502; x_wconf 80' lang='lat'>92;</span> <span class='ocrx_word' id='word_1_73' title='bbox 315 1424 388 1489; x_wconf 90' lang='lat' dir='ltr'>Tib.</span> <span class='ocrx_word' id='word_1_74' title='bbox 407 1426 463 1501; x_wconf 78' lang='lat'>21;</span> <span class='ocrx_word' id='word_1_75' title='bbox 489 1422 605 1490; x_wconf 82' lang='lat' dir='ltr'>Claud.</span> <span class='ocrx_word' id='word_1_76' title='bbox 623 1424 654 1488; x_wconf 90' lang='lat'>4.</span> <span class='ocrx_word' id='word_1_77' title='bbox 689 1423 759 1488; x_wconf 88' lang='lat' dir='ltr'>Neo</span> <span class='ocrx_word' id='word_1_78' title='bbox 781 1442 858 1489; x_wconf 91' lang='lat' dir='ltr'>vero</span> <span class='ocrx_word' id='word_1_79' title='bbox 881 1420 981 1487; x_wconf 92' lang='lat' dir='ltr'>modo</span> <span class='ocrx_word' id='word_1_80' title='bbox 1004 1421 1114 1487; x_wconf 89' lang='lat' dir='ltr'>inanis</span> <span class='ocrx_word' id='word_1_81' title='bbox 1137 1421 1228 1486; x_wconf 86' lang='lat' dir='ltr'>fama</span> <span class='ocrx_word' id='word_1_82' title='bbox 1250 1420 1307 1486; x_wconf 84' lang='lat' dir='ltr'>illa</span> <span class='ocrx_word' id='word_1_83' title='bbox 1323 1426 1405 1500; x_wconf 87' lang='lat' dir='ltr'>erat,</span> 
     </span>
     <span class='ocr_line' id='line_1_11' title="bbox 234 1519 1407 1614; baseline -0.002 -20"><span class='ocrx_word' id='word_1_84' title='bbox 234 1529 292 1594; x_wconf 91' lang='lat' dir='ltr'>sed</span> <span class='ocrx_word' id='word_1_85' title='bbox 327 1531 425 1595; x_wconf 90' lang='lat' dir='ltr'>etiam</span> <span class='ocrx_word' id='word_1_86' title='bbox 459 1529 631 1614; x_wconf 82' lang='lat' dir='ltr'>divulgata</span> <span class='ocrx_word' id='word_1_87' title='bbox 658 1527 702 1593; x_wconf 86' lang='lat' dir='ltr'>ab</span> <span class='ocrx_word' id='word_1_88' title='bbox 725 1527 928 1608; x_wconf 88' lang='lat' dir='ltr'>hominibus,</span> <span class='ocrx_word' id='word_1_89' title='bbox 954 1529 1013 1614; x_wconf 91' lang='lat' dir='ltr'>qui</span> <span class='ocrx_word' id='word_1_90' title='bbox 1036 1527 1274 1593; x_wconf 88' lang='lat' dir='ltr'>contumeliam</span> <span class='ocrx_word' id='word_1_91' title='bbox 1295 1519 1331 1592; x_wconf 84' lang='lat' dir='ltr'>in</span> <span class='ocrx_word' id='word_1_92' title='bbox 1355 1528 1407 1593; x_wconf 90' lang='lat' dir='ltr'>Ti-</span> 
     </span>
     <span class='ocr_line' id='line_1_12' title="bbox 233 1633 1406 1702; baseline -0.002 -3"><span class='ocrx_word' id='word_1_93' title='bbox 233 1635 364 1700; x_wconf 91' lang='lat' dir='ltr'>berium</span> <span class='ocrx_word' id='word_1_94' title='bbox 388 1637 493 1700; x_wconf 82' lang='lat' dir='ltr'>iacere</span> <span class='ocrx_word' id='word_1_95' title='bbox 507 1657 577 1700; x_wconf 90' lang='lat' dir='ltr'>non</span> <span class='ocrx_word' id='word_1_96' title='bbox 600 1635 696 1702; x_wconf 89' lang='lat' dir='ltr'>veriti</span> <span class='ocrx_word' id='word_1_97' title='bbox 715 1641 802 1700; x_wconf 89' lang='lat' dir='ltr'>sunt.</span> <span class='ocrx_word' id='word_1_98' title='bbox 834 1634 911 1700; x_wconf 89' lang='lat' dir='ltr'>Non</span> <span class='ocrx_word' id='word_1_99' title='bbox 932 1635 1021 1700; x_wconf 91' lang='lat' dir='ltr'>enim</span> <span class='ocrx_word' id='word_1_100' title='bbox 1038 1633 1210 1699; x_wconf 89' lang='lat' dir='ltr'>Tiberium</span> <span class='ocrx_word' id='word_1_101' title='bbox 1228 1633 1286 1699; x_wconf 89' lang='lat' dir='ltr'>illa</span> <span class='ocrx_word' id='word_1_102' title='bbox 1300 1639 1406 1699; x_wconf 86' lang='lat' dir='ltr'>aetate</span> 
     </span>
     <span class='ocr_line' id='line_1_13' title="bbox 234 1739 1404 1827; baseline -0.002 -20"><span class='ocrx_word' id='word_1_103' title='bbox 234 1763 332 1808; x_wconf 90' lang='lat' dir='ltr'>saevo</span> <span class='ocrx_word' id='word_1_104' title='bbox 360 1741 495 1827; x_wconf 87' lang='lat' dir='ltr'>ingenio</span> <span class='ocrx_word' id='word_1_105' title='bbox 518 1743 620 1807; x_wconf 80' lang='lat' dir='ltr'>fuisse</span> <span class='ocrx_word' id='word_1_106' title='bbox 647 1740 849 1826; x_wconf 85' lang='lat' dir='ltr'>intellegitur</span> <span class='ocrx_word' id='word_1_107' title='bbox 875 1747 917 1806; x_wconf 88' lang='lat' dir='ltr'>ut</span> <span class='ocrx_word' id='word_1_108' title='bbox 941 1761 983 1805; x_wconf 88' lang='lat' dir='ltr'>ex</span> <span class='ocrx_word' id='word_1_109' title='bbox 1004 1740 1137 1805; x_wconf 79' lang='lat' dir='ltr'>Horatii</span> <span class='ocrx_word' id='word_1_110' title='bbox 1170 1739 1279 1807; x_wconf 88' lang='lat' dir='ltr'>verbis</span> <span class='ocrx_word' id='word_1_111' title='bbox 1312 1740 1404 1826; x_wconf 87' lang='lat' dir='ltr'>epist.</span> 
     </span>
     <span class='ocr_line' id='line_1_14' title="bbox 233 1846 1407 1933; baseline 0 -21"><span class='ocrx_word' id='word_1_112' title='bbox 233 1848 258 1928; x_wconf 92' lang='lat' dir='ltr'>I,</span> <span class='ocrx_word' id='word_1_113' title='bbox 284 1851 314 1928; x_wconf 84' lang='lat'>9,</span> <span class='ocrx_word' id='word_1_114' title='bbox 332 1853 366 1914; x_wconf 84' lang='lat'>4:</span> <span class='ocrx_word' id='word_1_115' title='bbox 396 1850 542 1933; x_wconf 63' lang='lat' dir='ltr'>deffectio</span> <span class='ocrx_word' id='word_1_116' title='bbox 565 1849 694 1916; x_wconf 71' lang='lat' dir='ltr'>honesta</span> <span class='ocrx_word' id='word_1_117' title='bbox 717 1849 875 1914; x_wconf 74' lang='lat' dir='ltr'>Nereae»</span> <span class='ocrx_word' id='word_1_118' title='bbox 901 1852 935 1912; x_wconf 91' lang='lat' dir='ltr'>et</span> <span class='ocrx_word' id='word_1_119' title='bbox 955 1846 999 1925; x_wconf 81' lang='grc' dir='ltr'>Π,</span> <span class='ocrx_word' id='word_1_120' title='bbox 1024 1848 1054 1925; x_wconf 77' lang='lat'>2,</span> <span class='ocrx_word' id='word_1_121' title='bbox 1081 1848 1114 1911; x_wconf 94' lang='lat'>1:</span> <span class='ocrx_word' id='word_1_122' title='bbox 1143 1847 1240 1912; x_wconf 82' lang='lat' dir='ltr'>‹boeo</span> <span class='ocrx_word' id='word_1_123' title='bbox 1263 1849 1407 1930; x_wconf 76' lang='lat' dir='ltr'>claroque</span> 
     </span>
     <span class='ocr_line' id='line_1_15' title="bbox 234 1953 1405 2036; baseline 0 -17"><span class='ocrx_word' id='word_1_124' title='bbox 234 1957 375 2020; x_wconf 71' lang='lat' dir='ltr'>Nereae»</span> <span class='ocrx_word' id='word_1_125' title='bbox 401 1955 447 2020; x_wconf 87' lang='lat' dir='ltr'>ita</span> <span class='ocrx_word' id='word_1_126' title='bbox 479 1976 520 2020; x_wconf 85' lang='lat' dir='ltr'>ex</span> <span class='ocrx_word' id='word_1_127' title='bbox 547 1954 655 2020; x_wconf 79' lang='lat' dir='ltr'>Taciti</span> <span class='ocrx_word' id='word_1_128' title='bbox 681 1974 758 2020; x_wconf 88' lang='lat' dir='ltr'>ann.</span> <span class='ocrx_word' id='word_1_129' title='bbox 784 1953 843 2032; x_wconf 86' lang='lat' dir='ltr'>VI,</span> <span class='ocrx_word' id='word_1_130' title='bbox 869 1953 926 2018; x_wconf 79' lang='lat'>51:</span> <span class='ocrx_word' id='word_1_131' title='bbox 955 1955 1132 2036; x_wconf 73' lang='lat' dir='ltr'>«eyreqium-</span> <span class='ocrx_word' id='word_1_132' title='bbox 1154 1955 1220 2018; x_wconf 79' lang='lat' dir='ltr'>cita</span> <span class='ocrx_word' id='word_1_133' title='bbox 1247 1956 1405 2036; x_wconf 74' lang='lat' dir='ltr'>famaque,</span> 
     </span>
     <span class='ocr_line' id='line_1_16' title="bbox 234 2059 1404 2144; baseline -0.003 -17"><span class='ocrx_word' id='word_1_134' title='bbox 234 2064 495 2144; x_wconf 74' lang='lat' dir='ltr'>qeecdprieotas</span> <span class='ocrx_word' id='word_1_135' title='bbox 507 2064 554 2127; x_wconf 84' lang='lat' dir='ltr'>ecl</span> <span class='ocrx_word' id='word_1_136' title='bbox 564 2065 601 2126; x_wconf 77' lang='lat' dir='ltr'>io</span> <span class='ocrx_word' id='word_1_137' title='bbox 611 2063 757 2143; x_wconf 77' lang='lat' dir='ltr'>imperiis</span> <span class='ocrx_word' id='word_1_138' title='bbox 772 2062 830 2126; x_wconf 80' lang='lat' dir='ltr'>sab</span> <span class='ocrx_word' id='word_1_139' title='bbox 845 2061 989 2143; x_wconf 69' lang='lat' dir='ltr'>Aoyasto</span> <span class='ocrx_word' id='word_1_140' title='bbox 1003 2061 1100 2141; x_wconf 73' lang='lat' dir='ltr'>fuit».</span> <span class='ocrx_word' id='word_1_141' title='bbox 1124 2059 1241 2142; x_wconf 89' lang='lat' dir='ltr'>Neque</span> <span class='ocrx_word' id='word_1_142' title='bbox 1254 2079 1404 2144; x_wconf 89' lang='lat' dir='ltr'>unquam</span> 
     </span>
     <span class='ocr_line' id='line_1_17' title="bbox 234 2164 1405 2253; baseline -0.002 -22"><span class='ocrx_word' id='word_1_143' title='bbox 234 2167 461 2232; x_wconf 86' lang='lat' dir='ltr'>dissenserunt</span> <span class='ocrx_word' id='word_1_144' title='bbox 472 2167 647 2253; x_wconf 83' lang='lat' dir='ltr'>Augustus</span> <span class='ocrx_word' id='word_1_145' title='bbox 659 2173 692 2233; x_wconf 92' lang='lat' dir='ltr'>et</span> <span class='ocrx_word' id='word_1_146' title='bbox 702 2166 854 2232; x_wconf 90' lang='lat' dir='ltr'>Tiberius</span> <span class='ocrx_word' id='word_1_147' title='bbox 866 2166 932 2231; x_wconf 90' lang='lat' dir='ltr'>nisi</span> <span class='ocrx_word' id='word_1_148' title='bbox 942 2186 1009 2251; x_wconf 92' lang='lat' dir='ltr'>quo</span> <span class='ocrx_word' id='word_1_149' title='bbox 1020 2172 1169 2251; x_wconf 89' lang='lat' dir='ltr'>tempore</span> <span class='ocrx_word' id='word_1_150' title='bbox 1179 2165 1235 2230; x_wconf 92' lang='lat' dir='ltr'>hic</span> <span class='ocrx_word' id='word_1_151' title='bbox 1246 2164 1405 2230; x_wconf 86' lang='lat' dir='ltr'>Rhodum</span> 
     </span>
     <span class='ocr_line' id='line_1_18' title="bbox 234 2269 1407 2358; baseline -0.001 -20"><span class='ocrx_word' id='word_1_152' title='bbox 234 2272 374 2338; x_wconf 79' lang='lat' dir='ltr'>decessit</span> <span class='ocrx_word' id='word_1_153' title='bbox 396 2269 674 2358; x_wconf 70' lang='lat' dir='ltr'>(abachum).</span> <span class='ocrx_word' id='word_1_154' title='bbox 710 2273 798 2338; x_wconf 91' lang='lat' dir='ltr'>Tum</span> <span class='ocrx_word' id='word_1_155' title='bbox 813 2272 1007 2356; x_wconf 87' lang='lat' dir='ltr'>indignatus</span> <span class='ocrx_word' id='word_1_156' title='bbox 1031 2277 1081 2336; x_wconf 89' lang='lat' dir='ltr'>est</span> <span class='ocrx_word' id='word_1_157' title='bbox 1099 2271 1163 2350; x_wconf 82' lang='lat' dir='ltr'>iile,</span> <span class='ocrx_word' id='word_1_158' title='bbox 1181 2271 1307 2356; x_wconf 90' lang='lat' dir='ltr'>quippe</span> <span class='ocrx_word' id='word_1_159' title='bbox 1329 2293 1407 2338; x_wconf 91' lang='lat' dir='ltr'>cum</span> 
     </span>
     <span class='ocr_line' id='line_1_19' title="bbox 233 2376 1406 2464; baseline -0.001 -20"><span class='ocrx_word' id='word_1_160' title='bbox 233 2378 386 2445; x_wconf 88' lang='lat' dir='ltr'>Tiberius</span> <span class='ocrx_word' id='word_1_161' title='bbox 404 2386 436 2445; x_wconf 88' lang='lat' dir='ltr'>et</span> <span class='ocrx_word' id='word_1_162' title='bbox 447 2380 569 2445; x_wconf 88' lang='lat' dir='ltr'>Iuliam</span> <span class='ocrx_word' id='word_1_163' title='bbox 581 2400 729 2457; x_wconf 86' lang='lat' dir='ltr'>uxorem,</span> <span class='ocrx_word' id='word_1_164' title='bbox 745 2399 831 2464; x_wconf 88' lang='lat' dir='ltr'>quae</span> <span class='ocrx_word' id='word_1_165' title='bbox 843 2383 913 2444; x_wconf 89' lang='lat' dir='ltr'>erat</span> <span class='ocrx_word' id='word_1_166' title='bbox 923 2378 1012 2442; x_wconf 90' lang='lat' dir='ltr'>illius</span> <span class='ocrx_word' id='word_1_167' title='bbox 1024 2377 1093 2442; x_wconf 88' lang='lat' dir='ltr'>filia</span> <span class='ocrx_word' id='word_1_168' title='bbox 1108 2383 1141 2442; x_wconf 89' lang='lat' dir='ltr'>et</span> <span class='ocrx_word' id='word_1_169' title='bbox 1156 2377 1251 2442; x_wconf 89' lang='lat' dir='ltr'>cuius</span> <span class='ocrx_word' id='word_1_170' title='bbox 1263 2377 1304 2442; x_wconf 91' lang='lat' dir='ltr'>de</span> <span class='ocrx_word' id='word_1_171' title='bbox 1317 2376 1406 2443; x_wconf 85' lang='lat' dir='ltr'>lesci-</span> 
     </span>
     <span class='ocr_line' id='line_1_20' title="bbox 233 2483 1405 2572; baseline -0.003 -21"><span class='ocrx_word' id='word_1_172' title='bbox 233 2485 288 2551; x_wconf 89' lang='lat' dir='ltr'>via</span> <span class='ocrx_word' id='word_1_173' title='bbox 304 2491 397 2572; x_wconf 88' lang='lat' dir='ltr'>pater</span> <span class='ocrx_word' id='word_1_174' title='bbox 413 2486 469 2551; x_wconf 87' lang='lat' dir='ltr'>illo</span> <span class='ocrx_word' id='word_1_175' title='bbox 484 2492 632 2572; x_wconf 91' lang='lat' dir='ltr'>tempore</span> <span class='ocrx_word' id='word_1_176' title='bbox 655 2486 771 2552; x_wconf 81' lang='lat' dir='ltr'>certior</span> <span class='ocrx_word' id='word_1_177' title='bbox 792 2484 947 2549; x_wconf 90' lang='lat' dir='ltr'>nondum</span> <span class='ocrx_word' id='word_1_178' title='bbox 971 2484 1078 2548; x_wconf 86' lang='lat' dir='ltr'>faetus</span> <span class='ocrx_word' id='word_1_179' title='bbox 1102 2489 1180 2562; x_wconf 86' lang='lat' dir='ltr'>erat,</span> <span class='ocrx_word' id='word_1_180' title='bbox 1197 2483 1405 2569; x_wconf 87' lang='lat' dir='ltr'>repudiatam</span> 
     </span>
     <span class='ocr_line' id='line_1_21' title="bbox 233 2587 1405 2678; baseline -0.003 -22"><span class='ocrx_word' id='word_1_181' title='bbox 233 2591 361 2658; x_wconf 86' lang='lat' dir='ltr'>Rornae</span> <span class='ocrx_word' id='word_1_182' title='bbox 379 2593 579 2678; x_wconf 86' lang='lat' dir='ltr'>relinqueret</span> <span class='ocrx_word' id='word_1_183' title='bbox 593 2591 680 2678; x_wconf 83' lang='lat' dir='ltr'>(Tac.</span> <span class='ocrx_word' id='word_1_184' title='bbox 705 2613 783 2659; x_wconf 89' lang='lat' dir='ltr'>ann.</span> <span class='ocrx_word' id='word_1_185' title='bbox 798 2592 890 2670; x_wconf 76' lang='lat'>1,53;</span> <span class='ocrx_word' id='word_1_186' title='bbox 909 2590 998 2654; x_wconf 89' lang='lat' dir='ltr'>Suet.</span> <span class='ocrx_word' id='word_1_187' title='bbox 1012 2589 1085 2655; x_wconf 90' lang='lat' dir='ltr'>Tib.</span> <span class='ocrx_word' id='word_1_188' title='bbox 1102 2587 1155 2674; x_wconf 83' lang='lat'>10)</span> <span class='ocrx_word' id='word_1_189' title='bbox 1172 2595 1205 2654; x_wconf 87' lang='lat' dir='ltr'>et</span> <span class='ocrx_word' id='word_1_190' title='bbox 1221 2591 1334 2675; x_wconf 85' lang='lat' dir='ltr'>ipsum</span> <span class='ocrx_word' id='word_1_191' title='bbox 1354 2589 1405 2654; x_wconf 91' lang='lat' dir='ltr'>de·</span> 
     </span>
     <span class='ocr_line' id='line_1_22' title="bbox 234 2698 1406 2781; baseline -0.002 -19"><span class='ocrx_word' id='word_1_192' title='bbox 234 2704 365 2774; x_wconf 87' lang='lat' dir='ltr'>sereret;</span> <span class='ocrx_word' id='word_1_193' title='bbox 384 2699 424 2764; x_wconf 87' lang='lat' dir='ltr'>of.</span> <span class='ocrx_word' id='word_1_194' title='bbox 442 2698 531 2764; x_wconf 83' lang='lat' dir='ltr'>Suet.</span> <span class='ocrx_word' id='word_1_195' title='bbox 549 2698 622 2763; x_wconf 86' lang='lat' dir='ltr'>Tib.</span> <span class='ocrx_word' id='word_1_196' title='bbox 639 2699 694 2764; x_wconf 87' lang='lat'>10:</span> <span class='ocrx_word' id='word_1_197' title='bbox 716 2720 832 2781; x_wconf 75' lang='lat' dir='ltr'>«oeque</span> <span class='ocrx_word' id='word_1_198' title='bbox 844 2699 954 2763; x_wconf 78' lang='lat' dir='ltr'>vitrico</span> <span class='ocrx_word' id='word_1_199' title='bbox 972 2699 1075 2763; x_wconf 77' lang='lat' dir='ltr'>deseri</span> <span class='ocrx_word' id='word_1_200' title='bbox 1089 2719 1122 2763; x_wconf 83' lang='lat' dir='ltr'>sc</span> <span class='ocrx_word' id='word_1_201' title='bbox 1134 2699 1228 2762; x_wconf 83' lang='lat' dir='ltr'>etiem</span> <span class='ocrx_word' id='word_1_202' title='bbox 1243 2699 1279 2761; x_wconf 77' lang='lat' dir='ltr'>ie</span> <span class='ocrx_word' id='word_1_203' title='bbox 1294 2702 1406 2762; x_wconf 77' lang='lat' dir='ltr'>senatu</span> 
     </span>
     <span class='ocr_line' id='line_1_23' title="bbox 234 2803 1407 2888; baseline -0.002 -19"><span class='ocrx_word' id='word_1_204' title='bbox 234 2807 435 2888; x_wconf 75' lang='lat' dir='ltr'>conquerenti</span> <span class='ocrx_word' id='word_1_205' title='bbox 456 2809 580 2870; x_wconf 78' lang='lat' dir='ltr'>reniam</span> <span class='ocrx_word' id='word_1_206' title='bbox 604 2806 708 2870; x_wconf 81' lang='lat' dir='ltr'>dedit»</span> <span class='ocrx_word' id='word_1_207' title='bbox 731 2810 763 2870; x_wconf 90' lang='lat' dir='ltr'>et</span> <span class='ocrx_word' id='word_1_208' title='bbox 785 2803 858 2869; x_wconf 90' lang='lat' dir='ltr'>Tib.</span> <span class='ocrx_word' id='word_1_209' title='bbox 883 2805 939 2868; x_wconf 87' lang='lat'>11:</span> <span class='ocrx_word' id='word_1_210' title='bbox 963 2804 1134 2870; x_wconf 82' lang='lat' dir='ltr'>dimitteret</span> <span class='ocrx_word' id='word_1_211' title='bbox 1156 2825 1276 2869; x_wconf 76' lang='lat' dir='ltr'>omnem</span> <span class='ocrx_word' id='word_1_212' title='bbox 1296 2823 1407 2868; x_wconf 80' lang='lat' dir='ltr'>euram</span> 
     </span>
     <span class='ocr_line' id='line_1_24' title="bbox 232 2907 1405 2994; baseline -0.001 -20"><span class='ocrx_word' id='word_1_213' title='bbox 232 2931 371 2990; x_wconf 81' lang='lat' dir='ltr'>suoram,</span> <span class='ocrx_word' id='word_1_214' title='bbox 389 2917 542 2993; x_wconf 80' lang='lat' dir='ltr'>questam</span> <span class='ocrx_word' id='word_1_215' title='bbox 554 2912 666 2992; x_wconf 80' lang='lat' dir='ltr'>capide</span> <span class='ocrx_word' id='word_1_216' title='bbox 681 2911 890 2994; x_wconf 74' lang='lat' dir='ltr'>reliquisset».</span> <span class='ocrx_word' id='word_1_217' title='bbox 915 2909 1015 2976; x_wconf 92' lang='lat' dir='ltr'>Unde</span> <span class='ocrx_word' id='word_1_218' title='bbox 1031 2909 1122 2974; x_wconf 81' lang='lat' dir='ltr'>sarna</span> <span class='ocrx_word' id='word_1_219' title='bbox 1136 2909 1194 2974; x_wconf 90' lang='lat' dir='ltr'>illa</span> <span class='ocrx_word' id='word_1_220' title='bbox 1210 2909 1344 2974; x_wconf 87' lang='lat' dir='ltr'>emersit</span> <span class='ocrx_word' id='word_1_221' title='bbox 1354 2907 1405 2973; x_wconf 90' lang='lat' dir='ltr'>Ti·</span> 
     </span>
     <span class='ocr_line' id='line_1_25' title="bbox 233 3013 1404 3101; baseline 0.003 -23"><span class='ocrx_word' id='word_1_222' title='bbox 233 3013 363 3079; x_wconf 89' lang='lat' dir='ltr'>berium</span> <span class='ocrx_word' id='word_1_223' title='bbox 387 3016 650 3081; x_wconf 73' lang='lat' dir='ltr'>«dominationem</span> <span class='ocrx_word' id='word_1_224' title='bbox 671 3017 787 3082; x_wconf 78' lang='lat' dir='ltr'>dooere</span> <span class='ocrx_word' id='word_1_225' title='bbox 810 3017 964 3098; x_wconf 73' lang='lat' dir='ltr'>occepisse</span> <span class='ocrx_word' id='word_1_226' title='bbox 986 3017 1119 3081; x_wconf 77' lang='lat' dir='ltr'>metris»</span> <span class='ocrx_word' id='word_1_227' title='bbox 1144 3013 1231 3101; x_wconf 83' lang='lat' dir='ltr'>(Tac.</span> <span class='ocrx_word' id='word_1_228' title='bbox 1249 3035 1328 3080; x_wconf 87' lang='lat' dir='ltr'>ann.</span> <span class='ocrx_word' id='word_1_229' title='bbox 1344 3013 1404 3092; x_wconf 89' lang='lat' dir='ltr'>IV,</span> 
     </span>
     <span class='ocr_line' id='line_1_26' title="bbox 234 3118 1407 3207; baseline 0.001 -23"><span class='ocrx_word' id='word_1_230' title='bbox 234 3121 275 3184; x_wconf 79' lang='lat'>57</span> <span class='ocrx_word' id='word_1_231' title='bbox 289 3118 372 3206; x_wconf 84' lang='lat' dir='ltr'>etc).</span> <span class='ocrx_word' id='word_1_232' title='bbox 389 3119 502 3187; x_wconf 86' lang='lat' dir='ltr'>Liviae</span> <span class='ocrx_word' id='word_1_233' title='bbox 514 3121 603 3185; x_wconf 88' lang='lat' dir='ltr'>enirn</span> <span class='ocrx_word' id='word_1_234' title='bbox 620 3123 882 3204; x_wconf 60' lang='lat' dir='ltr'>«impensissime</span> <span class='ocrx_word' id='word_1_235' title='bbox 891 3123 1061 3203; x_wconf 77' lang='lat' dir='ltr'>precibus»</span> <span class='ocrx_word' id='word_1_236' title='bbox 1076 3119 1177 3207; x_wconf 84' lang='lat' dir='ltr'>(Suet.</span> <span class='ocrx_word' id='word_1_237' title='bbox 1188 3121 1263 3186; x_wconf 90' lang='lat' dir='ltr'>Tib.</span> <span class='ocrx_word' id='word_1_238' title='bbox 1275 3119 1327 3204; x_wconf 82' lang='lat'>13)</span> <span class='ocrx_word' id='word_1_239' title='bbox 1340 3121 1407 3185; x_wconf 92' lang='lat' dir='ltr'>Au·</span> 
     </span>
     <span class='ocr_line' id='line_1_27' title="bbox 232 3225 1406 3310; baseline 0.001 -20"><span class='ocrx_word' id='word_1_240' title='bbox 232 3232 352 3310; x_wconf 84' lang='lat' dir='ltr'>gustus</span> <span class='ocrx_word' id='word_1_241' title='bbox 372 3232 559 3292; x_wconf 87' lang='lat' dir='ltr'>commotus</span> <span class='ocrx_word' id='word_1_242' title='bbox 582 3233 640 3305; x_wconf 85' lang='lat' dir='ltr'>est,</span> <span class='ocrx_word' id='word_1_243' title='bbox 664 3233 704 3291; x_wconf 92' lang='lat' dir='ltr'>ut</span> <span class='ocrx_word' id='word_1_244' title='bbox 725 3226 897 3292; x_wconf 89' lang='lat' dir='ltr'>Tiberium</span> <span class='ocrx_word' id='word_1_245' title='bbox 912 3225 1186 3292; x_wconf 87' lang='lat' dir='ltr'>Romam-redire</span> <span class='ocrx_word' id='word_1_246' title='bbox 1209 3225 1406 3292; x_wconf 85' lang='lat' dir='ltr'>concederet</span> 
     </span>
     <span class='ocr_line' id='line_1_28' title="bbox 234 3331 1406 3419; baseline -0.001 -22"><span class='ocrx_word' id='word_1_247' title='bbox 234 3331 273 3417; x_wconf 71' lang='lat' dir='ltr'>(a.</span> <span class='ocrx_word' id='word_1_248' title='bbox 287 3334 348 3418; x_wconf 83' lang='lat' dir='ltr'>2p.</span> <span class='ocrx_word' id='word_1_249' title='bbox 357 3331 433 3398; x_wconf 84' lang='lat' dir='ltr'>Chr.</span> <span class='ocrx_word' id='word_1_250' title='bbox 444 3331 500 3419; x_wconf 82' lang='lat' dir='ltr'>n).</span> <span class='ocrx_word' id='word_1_251' title='bbox 517 3331 739 3398; x_wconf 85' lang='lat' dir='ltr'>Familiaritas</span> <span class='ocrx_word' id='word_1_252' title='bbox 749 3338 862 3398; x_wconf 88' lang='lat' dir='ltr'>autern</span> <span class='ocrx_word' id='word_1_253' title='bbox 872 3332 1013 3418; x_wconf 88' lang='lat' dir='ltr'>pristina</span> <span class='ocrx_word' id='word_1_254' title='bbox 1021 3331 1153 3399; x_wconf 88' lang='lat' dir='ltr'>Tiberio</span> <span class='ocrx_word' id='word_1_255' title='bbox 1164 3353 1243 3398; x_wconf 88' lang='lat' dir='ltr'>cum</span> <span class='ocrx_word' id='word_1_256' title='bbox 1252 3332 1406 3418; x_wconf 85' lang='lat' dir='ltr'>Augusto</span> 
     </span>
     <span class='ocr_line' id='line_1_29' title="bbox 233 3436 1407 3524; baseline 0.002 -22"><span class='ocrx_word' id='word_1_257' title='bbox 233 3438 425 3518; x_wconf 87' lang='lat' dir='ltr'>intercessit,</span> <span class='ocrx_word' id='word_1_258' title='bbox 444 3459 511 3523; x_wconf 92' lang='lat' dir='ltr'>quo</span> <span class='ocrx_word' id='word_1_259' title='bbox 527 3445 675 3524; x_wconf 90' lang='lat' dir='ltr'>tempore</span> <span class='ocrx_word' id='word_1_260' title='bbox 697 3438 822 3504; x_wconf 90' lang='lat' dir='ltr'>Lucius</span> <span class='ocrx_word' id='word_1_261' title='bbox 846 3436 967 3503; x_wconf 83' lang='lat' dir='ltr'>Caesar</span> <span class='ocrx_word' id='word_1_262' title='bbox 982 3444 1135 3505; x_wconf 88' lang='lat' dir='ltr'>mortuus</span> <span class='ocrx_word' id='word_1_263' title='bbox 1159 3444 1192 3504; x_wconf 91' lang='lat' dir='ltr'>et</span> <span class='ocrx_word' id='word_1_264' title='bbox 1207 3438 1311 3503; x_wconf 87' lang='lat' dir='ltr'>Gaius</span> <span class='ocrx_word' id='word_1_265' title='bbox 1335 3438 1407 3504; x_wconf 84' lang='lat' dir='ltr'>vul-</span> 
     </span>
     <span class='ocr_line' id='line_1_30' title="bbox 233 3541 1383 3631; baseline 0.003 -25"><span class='ocrx_word' id='word_1_266' title='bbox 233 3548 368 3608; x_wconf 89' lang='lat' dir='ltr'>neratus</span> <span class='ocrx_word' id='word_1_267' title='bbox 391 3550 441 3607; x_wconf 88' lang='lat' dir='ltr'>est</span> <span class='ocrx_word' id='word_1_268' title='bbox 463 3541 502 3628; x_wconf 83' lang='lat' dir='ltr'>(a.</span> <span class='ocrx_word' id='word_1_269' title='bbox 521 3547 541 3608; x_wconf 89' lang='lat'><strong>3</strong></span> <span class='ocrx_word' id='word_1_270' title='bbox 564 3567 596 3631; x_wconf 94' lang='lat' dir='ltr'>p.</span> <span class='ocrx_word' id='word_1_271' title='bbox 615 3544 692 3610; x_wconf 86' lang='lat' dir='ltr'>Chr.</span> <span class='ocrx_word' id='word_1_272' title='bbox 717 3543 772 3631; x_wconf 82' lang='lat' dir='ltr'>n).</span> <span class='ocrx_word' id='word_1_273' title='bbox 804 3544 917 3628; x_wconf 85' lang='lat' dir='ltr'>Atque</span> <span class='ocrx_word' id='word_1_274' title='bbox 933 3544 1156 3631; x_wconf 90' lang='lat' dir='ltr'>improbanda</span> <span class='ocrx_word' id='word_1_275' title='bbox 1171 3551 1221 3610; x_wconf 92' lang='lat' dir='ltr'>est</span> <span class='ocrx_word' id='word_1_276' title='bbox 1243 3545 1383 3610; x_wconf 78' lang='lat' dir='ltr'>sentent</span> 
     </span>
    </p>

    <p class='ocr_par' dir='ltr' id='par_1_4' title="bbox 232 3649 1408 4478">
     <span class='ocr_line' id='line_1_31' title="bbox 232 3649 1407 3736; baseline 0 -22"><span class='ocrx_word' id='word_1_277' title='bbox 232 3649 359 3728; x_wconf 90' lang='lat' dir='ltr'>Dionis,</span> <span class='ocrx_word' id='word_1_278' title='bbox 380 3649 439 3734; x_wconf 93' lang='lat' dir='ltr'>qui</span> <span class='ocrx_word' id='word_1_279' title='bbox 456 3649 509 3728; x_wconf 81' lang='lat'>55,</span> <span class='ocrx_word' id='word_1_280' title='bbox 535 3651 575 3714; x_wconf 79' lang='lat'>27</span> <span class='ocrx_word' id='word_1_281' title='bbox 593 3649 763 3715; x_wconf 79' lang='lat' dir='ltr'>Tiberium</span> <span class='ocrx_word' id='word_1_282' title='bbox 779 3651 877 3715; x_wconf 88' lang='lat' dir='ltr'>annis</span> <span class='ocrx_word' id='word_1_283' title='bbox 895 3651 1004 3736; x_wconf 85' lang='lat' dir='ltr'>4sqq.</span> <span class='ocrx_word' id='word_1_284' title='bbox 1025 3652 1061 3715; x_wconf 91' lang='lat' dir='ltr'>in</span> <span class='ocrx_word' id='word_1_285' title='bbox 1078 3649 1258 3716; x_wconf 88' lang='lat' dir='ltr'>Germania</span> <span class='ocrx_word' id='word_1_286' title='bbox 1281 3649 1407 3716; x_wconf 91' lang='lat' dir='ltr'>bellum</span> 
     </span>
     <span class='ocr_line' id='line_1_32' title="bbox 232 3755 1408 3842; baseline 0.001 -22"><span class='ocrx_word' id='word_1_287' title='bbox 232 3761 402 3840; x_wconf 84' lang='lat' dir='ltr'>gerentem</span> <span class='ocrx_word' id='word_1_288' title='bbox 440 3775 543 3840; x_wconf 88' lang='lat' dir='ltr'>quam</span> <span class='ocrx_word' id='word_1_289' title='bbox 575 3755 766 3841; x_wconf 85' lang='lat' dir='ltr'>saepissime</span> <span class='ocrx_word' id='word_1_290' title='bbox 796 3755 940 3821; x_wconf 87' lang='lat' dir='ltr'>Romam</span> <span class='ocrx_word' id='word_1_291' title='bbox 971 3756 1157 3842; x_wconf 86' lang='lat' dir='ltr'>profectum</span> <span class='ocrx_word' id='word_1_292' title='bbox 1188 3778 1258 3822; x_wconf 89' lang='lat' dir='ltr'>esse</span> <span class='ocrx_word' id='word_1_293' title='bbox 1293 3756 1408 3822; x_wconf 90' lang='lat' dir='ltr'>scribit</span> 
     </span>
     <span class='ocr_line' id='line_1_33' title="bbox 233 3861 1407 3948; baseline 0.003 -24"><span class='ocrx_word' id='word_1_294' title='bbox 233 3880 311 3925; x_wconf 88' lang='lat' dir='ltr'>cum</span> <span class='ocrx_word' id='word_1_295' title='bbox 343 3863 551 3947; x_wconf 86' lang='lat' dir='ltr'>negotiorum</span> <span class='ocrx_word' id='word_1_296' title='bbox 576 3882 676 3928; x_wconf 84' lang='lat' dir='ltr'>causa</span> <span class='ocrx_word' id='word_1_297' title='bbox 710 3867 784 3926; x_wconf 92' lang='lat' dir='ltr'>tum</span> <span class='ocrx_word' id='word_1_298' title='bbox 817 3861 1001 3942; x_wconf 90' lang='lat' dir='ltr'>timentem,</span> <span class='ocrx_word' id='word_1_299' title='bbox 1031 3883 1075 3927; x_wconf 89' lang='lat' dir='ltr'>ne</span> <span class='ocrx_word' id='word_1_300' title='bbox 1107 3883 1209 3947; x_wconf 87' lang='lat' dir='ltr'>quem</span> <span class='ocrx_word' id='word_1_301' title='bbox 1231 3861 1407 3948; x_wconf 83' lang='lat' dir='ltr'>Augustus</span> 
     </span>
     <span class='ocr_line' id='line_1_34' title="bbox 233 3965 1407 4056; baseline 0.002 -26"><span class='ocrx_word' id='word_1_302' title='bbox 233 3965 363 4031; x_wconf 87' lang='lat' dir='ltr'>absenti</span> <span class='ocrx_word' id='word_1_303' title='bbox 394 3967 583 4053; x_wconf 84' lang='lat' dir='ltr'>praeferret:</span> <span class='ocrx_word' id='word_1_304' title='bbox 632 3965 685 4040; x_wconf 76' lang='grc' dir='ltr'>«ἐς</span> <span class='ocrx_word' id='word_1_305' title='bbox 717 3972 770 4054; x_wconf 83' lang='grc' dir='ltr'>τὴν</span> <span class='ocrx_word' id='word_1_306' title='bbox 803 3970 907 4045; x_wconf 84' lang='grc' dir='ltr'>πόλιν,</span> <span class='ocrx_word' id='word_1_307' title='bbox 941 3965 1030 4034; x_wconf 82' lang='grc' dir='ltr'>ὁπότε</span> <span class='ocrx_word' id='word_1_308' title='bbox 1063 3968 1237 4054; x_wconf 84' lang='grc' dir='ltr'>παράσχοι,</span> <span class='ocrx_word' id='word_1_309' title='bbox 1271 3979 1407 4056; x_wconf 79' lang='grc' dir='ltr'>συνεχῶς</span> 
     </span>
     <span class='ocr_line' id='line_1_35' title="bbox 233 4069 1407 4160; baseline 0.003 -25"><span class='ocrx_word' id='word_1_310' title='bbox 233 4069 387 4159; x_wconf 83' lang='grc' dir='ltr'>ἐσεφοιτα,</span> <span class='ocrx_word' id='word_1_311' title='bbox 417 4077 451 4138; x_wconf 84' lang='grc' dir='ltr'>τὸ</span> <span class='ocrx_word' id='word_1_312' title='bbox 484 4079 538 4159; x_wconf 80' lang='grc' dir='ltr'>μὲν</span> <span class='ocrx_word' id='word_1_313' title='bbox 562 4099 589 4139; x_wconf 86' lang='grc' dir='ltr'>τι</span> <span class='ocrx_word' id='word_1_314' title='bbox 612 4080 796 4160; x_wconf 83' lang='grc' dir='ltr'>πραγμάτων</span> <span class='ocrx_word' id='word_1_315' title='bbox 819 4086 903 4140; x_wconf 80' lang='grc' dir='ltr'>τινῶν</span> <span class='ocrx_word' id='word_1_316' title='bbox 936 4074 1038 4148; x_wconf 78' lang='grc' dir='ltr'><strong>ἕνεκα,</strong></span> <span class='ocrx_word' id='word_1_317' title='bbox 1071 4078 1105 4138; x_wconf 90' lang='grc' dir='ltr'>τὸ</span> <span class='ocrx_word' id='word_1_318' title='bbox 1135 4075 1167 4138; x_wconf 82' lang='grc' dir='ltr'>δὲ</span> <span class='ocrx_word' id='word_1_319' title='bbox 1202 4075 1239 4160; x_wconf 82' lang='grc' dir='ltr'>δὴ</span> <span class='ocrx_word' id='word_1_320' title='bbox 1265 4075 1407 4140; x_wconf 81' lang='grc' dir='ltr'>πλεῖστον</span> 
     </span>
     <span class='ocr_line' id='line_1_36' title="bbox 235 4177 1407 4267; baseline 0.002 -24"><span class='ocrx_word' id='word_1_321' title='bbox 235 4181 421 4264; x_wconf 81' lang='grc' dir='ltr'>φοβοὺμενος</span> <span class='ocrx_word' id='word_1_322' title='bbox 451 4183 494 4265; x_wconf 83' lang='grc' dir='ltr'>μὴ</span> <span class='ocrx_word' id='word_1_323' title='bbox 540 4177 557 4244; x_wconf 79' lang='grc' dir='ltr'>ὁ</span> <span class='ocrx_word' id='word_1_324' title='bbox 589 4178 765 4261; x_wconf 76' lang='grc' dir='ltr'>Αὔγουστος</span> <span class='ocrx_word' id='word_1_325' title='bbox 809 4180 903 4247; x_wconf 84' lang='grc' dir='ltr'>ἄλλον</span> <span class='ocrx_word' id='word_1_326' title='bbox 933 4185 999 4246; x_wconf 85' lang='grc' dir='ltr'>τινὰ</span> <span class='ocrx_word' id='word_1_327' title='bbox 1040 4184 1125 4265; x_wconf 83' lang='grc' dir='ltr'><strong>παρὰ</strong></span> <span class='ocrx_word' id='word_1_328' title='bbox 1164 4185 1218 4267; x_wconf 83' lang='grc' dir='ltr'>τὴν</span> <span class='ocrx_word' id='word_1_329' title='bbox 1259 4179 1407 4245; x_wconf 74' lang='grc' dir='ltr'>ἀπουσίαν</span> 
     </span>
     <span class='ocr_line' id='line_1_37' title="bbox 234 4281 1408 4372; baseline 0.003 -24"><span class='ocrx_word' id='word_1_330' title='bbox 234 4281 326 4350; x_wconf 74' lang='grc' dir='ltr'>αὐτοῦ</span> <span class='ocrx_word' id='word_1_331' title='bbox 369 4292 575 4372; x_wconf 78' lang='grc' dir='ltr'>προτιμήσῃ».</span> <span class='ocrx_word' id='word_1_332' title='bbox 632 4286 764 4364; x_wconf 81' lang='lat' dir='ltr'>Quibus</span> <span class='ocrx_word' id='word_1_333' title='bbox 806 4307 885 4352; x_wconf 89' lang='lat' dir='ltr'>cum</span> <span class='ocrx_word' id='word_1_334' title='bbox 928 4285 1038 4352; x_wconf 90' lang='lat' dir='ltr'>verbis</span> <span class='ocrx_word' id='word_1_335' title='bbox 1080 4286 1108 4352; x_wconf 89' lang='lat' dir='ltr'>si</span> <span class='ocrx_word' id='word_1_336' title='bbox 1150 4285 1329 4352; x_wconf 87' lang='lat' dir='ltr'>contuleris</span> <span class='ocrx_word' id='word_1_337' title='bbox 1369 4306 1408 4351; x_wconf 86' lang='lat' dir='ltr'>ea</span> 
     </span>
     <span class='ocr_line' id='line_1_38' title="bbox 234 4390 1406 4478; baseline 0.003 -23"><span class='ocrx_word' id='word_1_338' title='bbox 234 4410 321 4474; x_wconf 85' lang='lat' dir='ltr'>quae</span> <span class='ocrx_word' id='word_1_339' title='bbox 361 4390 540 4459; x_wconf 82' lang='lat' dir='ltr'>Suetonius</span> <span class='ocrx_word' id='word_1_340' title='bbox 578 4392 652 4458; x_wconf 91' lang='lat' dir='ltr'>Tib.</span> <span class='ocrx_word' id='word_1_341' title='bbox 692 4394 733 4459; x_wconf 83' lang='lat'>15</span> <span class='ocrx_word' id='word_1_342' title='bbox 763 4413 813 4478; x_wconf 88' lang='lat' dir='ltr'>sq.</span> <span class='ocrx_word' id='word_1_343' title='bbox 858 4397 989 4471; x_wconf 87' lang='lat' dir='ltr'>narrat,</span> <span class='ocrx_word' id='word_1_344' title='bbox 1036 4391 1204 4458; x_wconf 90' lang='lat' dir='ltr'>Velleium</span> <span class='ocrx_word' id='word_1_345' title='bbox 1242 4391 1406 4472; x_wconf 86' lang='lat' dir='ltr'>laudabis,</span> 
     </span>
    </p>
   </div>
   <div class='ocr_carea' id='block_1_4' title="bbox 0 0 1555 5044">
    <p class='ocr_par' dir='ltr' id='par_1_5' title="bbox 0 0 1555 5044">
     <span class='ocr_line' id='line_1_39' title="bbox 0 0 1555 5044; baseline 0 0"><span class='ocrx_word' id='word_1_346' title='bbox 0 0 1555 5044; x_wconf 95' lang='lat' dir='ltr'> </span> 
     </span>
    </p>
   </div>
  </div>
 </body>
</html>
