<?xml version="1.0" encoding="UTF-8"?>
<!DOCTYPE html PUBLIC "-//W3C//DTD XHTML 1.0 Transitional//EN"
    "http://www.w3.org/TR/xhtml1/DTD/xhtml1-transitional.dtd">
<html xmlns="http://www.w3.org/1999/xhtml" xml:lang="en" lang="en">
 <head>
  <title>
</title>
<meta http-equiv="Content-Type" content="text/html;charset=utf-8" />
  <meta name='ocr-system' content='tesseract 3.04.00' />
  <meta name='ocr-capabilities' content='ocr_page ocr_carea ocr_par ocr_line ocrx_word'/>
</head>
<body>
  <div class='ocr_page' id='page_1' title='image "./develleipatercu01fausgoog_0037.png"; bbox 0 0 3084 5050; ppageno 0'>
   <div class='ocr_carea' id='block_1_1' title="bbox 699 430 920 495">
    <p class='ocr_par' dir='ltr' id='par_1_1' title="bbox 699 430 920 495">
     <span class='ocr_line' id='line_1_1' title="bbox 699 430 920 495; baseline 0 -19"><span class='ocrx_word' id='word_1_1' title='bbox 699 430 920 495; x_wconf 71' lang='grc'>..30-</span> 
     </span>
    </p>
   </div>
   <div class='ocr_carea' id='block_1_2' title="bbox 223 622 1401 4531">
    <p class='ocr_par' dir='ltr' id='par_1_2' title="bbox 223 622 1400 1870">
     <span class='ocr_line' id='line_1_2' title="bbox 224 622 1396 708; baseline 0.003 -19"><span class='ocrx_word' id='word_1_2' title='bbox 224 623 407 691; x_wconf 87' lang='lat' dir='ltr'>sententiae</span> <span class='ocrx_word' id='word_1_3' title='bbox 429 623 488 702; x_wconf 92' lang='lat' dir='ltr'>illi,</span> <span class='ocrx_word' id='word_1_4' title='bbox 513 643 616 708; x_wconf 91' lang='lat' dir='ltr'>quarn</span> <span class='ocrx_word' id='word_1_5' title='bbox 632 643 671 688; x_wconf 88' lang='lat' dir='ltr'>ex</span> <span class='ocrx_word' id='word_1_6' title='bbox 690 622 793 689; x_wconf 90' lang='lat' dir='ltr'>altero</span> <span class='ocrx_word' id='word_1_7' title='bbox 811 623 916 689; x_wconf 88' lang='lat' dir='ltr'>Taciti</span> <span class='ocrx_word' id='word_1_8' title='bbox 936 630 1134 708; x_wconf 84' lang='lat' dir='ltr'>argumento</span> <span class='ocrx_word' id='word_1_9' title='bbox 1149 626 1396 694; x_wconf 82' lang='lat' dir='ltr'><strong>enucleavimus</strong></span> 
     </span>
     <span class='ocr_line' id='line_1_3' title="bbox 224 727 1397 818; baseline 0.003 -24"><span class='ocrx_word' id='word_1_10' title='bbox 224 727 309 815; x_wconf 87' lang='lat' dir='ltr'>(dico</span> <span class='ocrx_word' id='word_1_11' title='bbox 332 728 460 794; x_wconf 91' lang='lat' dir='ltr'>nemini</span> <span class='ocrx_word' id='word_1_12' title='bbox 474 735 547 794; x_wconf 89' lang='lat' dir='ltr'>tum</span> <span class='ocrx_word' id='word_1_13' title='bbox 565 749 634 794; x_wconf 92' lang='lat' dir='ltr'>non</span> <span class='ocrx_word' id='word_1_14' title='bbox 649 749 846 815; x_wconf 88' lang='lat' dir='ltr'>persuasum</span> <span class='ocrx_word' id='word_1_15' title='bbox 863 729 965 794; x_wconf 89' lang='lat' dir='ltr'>fuisse</span> <span class='ocrx_word' id='word_1_16' title='bbox 979 727 1128 814; x_wconf 84' lang='lat' dir='ltr'>indigere</span> <span class='ocrx_word' id='word_1_17' title='bbox 1141 752 1212 796; x_wconf 91' lang='lat' dir='ltr'>rem</span> <span class='ocrx_word' id='word_1_18' title='bbox 1226 732 1397 818; x_wconf 84' lang='lat' dir='ltr'>publicam</span> 
     </span>
     <span class='ocr_line' id='line_1_4' title="bbox 223 833 1398 922; baseline 0.004 -21"><span class='ocrx_word' id='word_1_19' title='bbox 223 835 412 901; x_wconf 81' lang='lat' dir='ltr'><strong>Romanam</strong></span> <span class='ocrx_word' id='word_1_20' title='bbox 436 833 551 922; x_wconf 84' lang='lat' dir='ltr'>regni).</span> <span class='ocrx_word' id='word_1_21' title='bbox 598 833 710 901; x_wconf 88' lang='lat' dir='ltr'>Verba</span> <span class='ocrx_word' id='word_1_22' title='bbox 734 841 847 900; x_wconf 88' lang='lat' dir='ltr'>autem</span> <span class='ocrx_word' id='word_1_23' title='bbox 875 837 1016 902; x_wconf 76' lang='grc'>(1011000</span> <span class='ocrx_word' id='word_1_24' title='bbox 1037 839 1140 920; x_wconf 76' lang='lat' dir='ltr'>mepta</span> <span class='ocrx_word' id='word_1_25' title='bbox 1167 859 1262 920; x_wconf 79' lang='lat' dir='ltr'>qoam</span> <span class='ocrx_word' id='word_1_26' title='bbox 1284 839 1398 906; x_wconf 78' lang='grc'>11011010</span> 
     </span>
     <span class='ocr_line' id='line_1_5' title="bbox 224 941 1398 1028; baseline 0.003 -22"><span class='ocrx_word' id='word_1_27' title='bbox 224 943 359 1008; x_wconf 70' lang='lat' dir='ltr'>metum»</span> <span class='ocrx_word' id='word_1_28' title='bbox 390 941 572 1027; x_wconf 82' lang='lat' dir='ltr'>quominus</span> <span class='ocrx_word' id='word_1_29' title='bbox 603 941 691 1006; x_wconf 89' lang='lat' dir='ltr'>iusta</span> <span class='ocrx_word' id='word_1_30' title='bbox 723 961 795 1006; x_wconf 88' lang='lat' dir='ltr'>esse</span> <span class='ocrx_word' id='word_1_31' title='bbox 825 948 991 1026; x_wconf 87' lang='lat' dir='ltr'>putemus,</span> <span class='ocrx_word' id='word_1_32' title='bbox 1027 961 1098 1006; x_wconf 92' lang='lat' dir='ltr'>non</span> <span class='ocrx_word' id='word_1_33' title='bbox 1126 948 1235 1028; x_wconf 85' lang='lat' dir='ltr'>potest</span> <span class='ocrx_word' id='word_1_34' title='bbox 1268 943 1398 1010; x_wconf 88' lang='lat' dir='ltr'>obstare</span> 
     </span>
     <span class='ocr_line' id='line_1_6' title="bbox 224 1045 1396 1134; baseline 0.003 -22"><span class='ocrx_word' id='word_1_35' title='bbox 224 1047 366 1114; x_wconf 86' lang='lat' dir='ltr'>aviditas</span> <span class='ocrx_word' id='word_1_36' title='bbox 389 1047 447 1113; x_wconf 88' lang='lat' dir='ltr'>illa</span> <span class='ocrx_word' id='word_1_37' title='bbox 468 1045 640 1134; x_wconf 90' lang='lat' dir='ltr'>regnandi,</span> <span class='ocrx_word' id='word_1_38' title='bbox 666 1067 769 1132; x_wconf 90' lang='lat' dir='ltr'>quam</span> <span class='ocrx_word' id='word_1_39' title='bbox 792 1047 924 1113; x_wconf 89' lang='lat' dir='ltr'>Tiberio</span> <span class='ocrx_word' id='word_1_40' title='bbox 947 1047 1078 1113; x_wconf 83' lang='lat' dir='ltr'>crimini</span> <span class='ocrx_word' id='word_1_41' title='bbox 1102 1047 1185 1113; x_wconf 89' lang='lat' dir='ltr'>dant</span> <span class='ocrx_word' id='word_1_42' title='bbox 1208 1048 1396 1130; x_wconf 72' lang='lat' dir='ltr'>Suetonius,</span> 
     </span>
     <span class='ocr_line' id='line_1_7' title="bbox 224 1153 1397 1239; baseline 0 -19"><span class='ocrx_word' id='word_1_43' title='bbox 224 1154 369 1234; x_wconf 81' lang='lat' dir='ltr'>Tacitus,</span> <span class='ocrx_word' id='word_1_44' title='bbox 386 1154 459 1234; x_wconf 87' lang='lat' dir='ltr'>Dic,</span> <span class='ocrx_word' id='word_1_45' title='bbox 483 1153 674 1239; x_wconf 83' lang='lat' dir='ltr'>praesertim</span> <span class='ocrx_word' id='word_1_46' title='bbox 696 1174 774 1217; x_wconf 91' lang='lat' dir='ltr'>cum</span> <span class='ocrx_word' id='word_1_47' title='bbox 789 1174 858 1218; x_wconf 90' lang='lat' dir='ltr'>non</span> <span class='ocrx_word' id='word_1_48' title='bbox 874 1153 967 1218; x_wconf 90' lang='lat' dir='ltr'>omni</span> <span class='ocrx_word' id='word_1_49' title='bbox 985 1159 1120 1219; x_wconf 78' lang='lat' dir='ltr'>careant</span> <span class='ocrx_word' id='word_1_50' title='bbox 1134 1155 1397 1234; x_wconf 74' lang='lat' dir='ltr'>confirmatione,</span> 
     </span>
     <span class='ocr_line' id='line_1_8' title="bbox 224 1259 1398 1346; baseline -0.001 -20"><span class='ocrx_word' id='word_1_51' title='bbox 224 1281 304 1326; x_wconf 90' lang='lat' dir='ltr'>nam</span> <span class='ocrx_word' id='word_1_52' title='bbox 327 1259 498 1326; x_wconf 83' lang='lat' dir='ltr'>Tiberium</span> <span class='ocrx_word' id='word_1_53' title='bbox 520 1259 663 1325; x_wconf 86' lang='lat' dir='ltr'>honores</span> <span class='ocrx_word' id='word_1_54' title='bbox 686 1280 755 1325; x_wconf 91' lang='lat' dir='ltr'>non</span> <span class='ocrx_word' id='word_1_55' title='bbox 777 1259 879 1324; x_wconf 92' lang='lat' dir='ltr'>modo</span> <span class='ocrx_word' id='word_1_56' title='bbox 902 1281 972 1326; x_wconf 90' lang='lat' dir='ltr'>non</span> <span class='ocrx_word' id='word_1_57' title='bbox 995 1261 1193 1346; x_wconf 83' lang='lat' dir='ltr'>appetivisse</span> <span class='ocrx_word' id='word_1_58' title='bbox 1216 1260 1275 1326; x_wconf 92' lang='lat' dir='ltr'>sed</span> <span class='ocrx_word' id='word_1_59' title='bbox 1298 1262 1398 1326; x_wconf 87' lang='lat' dir='ltr'>etiam</span> 
     </span>
     <span class='ocr_line' id='line_1_9' title="bbox 224 1364 1399 1452; baseline 0 -21"><span class='ocrx_word' id='word_1_60' title='bbox 224 1365 416 1452; x_wconf 87' lang='lat' dir='ltr'>repudiasse</span> <span class='ocrx_word' id='word_1_61' title='bbox 438 1365 649 1452; x_wconf 86' lang='lat' dir='ltr'>cognoscitur</span> <span class='ocrx_word' id='word_1_62' title='bbox 672 1371 705 1429; x_wconf 89' lang='lat' dir='ltr'>et</span> <span class='ocrx_word' id='word_1_63' title='bbox 727 1386 768 1430; x_wconf 86' lang='lat' dir='ltr'>ex</span> <span class='ocrx_word' id='word_1_64' title='bbox 784 1364 935 1431; x_wconf 90' lang='lat' dir='ltr'>Suetonii</span> <span class='ocrx_word' id='word_1_65' title='bbox 950 1365 1024 1431; x_wconf 91' lang='lat' dir='ltr'>Tib.</span> <span class='ocrx_word' id='word_1_66' title='bbox 1050 1368 1093 1432; x_wconf 92' lang='grc'>26</span> <span class='ocrx_word' id='word_1_67' title='bbox 1109 1387 1157 1451; x_wconf 91' lang='lat' dir='ltr'>sq.</span> <span class='ocrx_word' id='word_1_68' title='bbox 1175 1371 1208 1431; x_wconf 88' lang='lat' dir='ltr'>et</span> <span class='ocrx_word' id='word_1_69' title='bbox 1226 1387 1268 1430; x_wconf 85' lang='lat' dir='ltr'>ex</span> <span class='ocrx_word' id='word_1_70' title='bbox 1282 1365 1399 1431; x_wconf 90' lang='lat' dir='ltr'>Dionis</span> 
     </span>
     <span class='ocr_line' id='line_1_10' title="bbox 224 1469 1398 1557; baseline 0.001 -19"><span class='ocrx_word' id='word_1_71' title='bbox 224 1475 278 1551; x_wconf 81' lang='grc'>57,</span> <span class='ocrx_word' id='word_1_72' title='bbox 303 1473 388 1557; x_wconf 86' lang='grc'>800.</span> <span class='ocrx_word' id='word_1_73' title='bbox 412 1477 500 1536; x_wconf 87' lang='lat' dir='ltr'>etex</span> <span class='ocrx_word' id='word_1_74' title='bbox 515 1469 622 1535; x_wconf 83' lang='lat' dir='ltr'>Taciti</span> <span class='ocrx_word' id='word_1_75' title='bbox 642 1469 758 1549; x_wconf 86' lang='grc'>0001,</span> <span class='ocrx_word' id='word_1_76' title='bbox 786 1473 836 1536; x_wconf 90' lang='lat'>14.</span> <span class='ocrx_word' id='word_1_77' title='bbox 861 1473 929 1549; x_wconf 79' lang='grc'>’72;</span> <span class='ocrx_word' id='word_1_78' title='bbox 952 1471 996 1550; x_wconf 93' lang='grc' dir='ltr'>ΙΙ,</span> <span class='ocrx_word' id='word_1_79' title='bbox 1022 1473 1079 1551; x_wconf 82' lang='grc'>87;</span> <span class='ocrx_word' id='word_1_80' title='bbox 1103 1471 1163 1551; x_wconf 92' lang='grc' dir='ltr'>ΠΙ,</span> <span class='ocrx_word' id='word_1_81' title='bbox 1187 1473 1240 1536; x_wconf 79' lang='lat'>47.</span> <span class='ocrx_word' id='word_1_82' title='bbox 1273 1473 1316 1537; x_wconf 97' lang='grc'>65</span> <span class='ocrx_word' id='word_1_83' title='bbox 1338 1479 1398 1540; x_wconf 90' lang='lat' dir='ltr'>etc.</span> 
     </span>
     <span class='ocr_line' id='line_1_11' title="bbox 225 1576 1398 1666; baseline -0.001 -23"><span class='ocrx_word' id='word_1_84' title='bbox 225 1577 380 1644; x_wconf 85' lang='lat' dir='ltr'>Ceterum</span> <span class='ocrx_word' id='word_1_85' title='bbox 397 1577 559 1657; x_wconf 88' lang='lat' dir='ltr'>Tiberius,</span> <span class='ocrx_word' id='word_1_86' title='bbox 575 1577 603 1642; x_wconf 91' lang='lat' dir='ltr'>si</span> <span class='ocrx_word' id='word_1_87' title='bbox 618 1576 760 1642; x_wconf 89' lang='lat' dir='ltr'>honores</span> <span class='ocrx_word' id='word_1_88' title='bbox 774 1597 888 1661; x_wconf 89' lang='lat' dir='ltr'>reapse</span> <span class='ocrx_word' id='word_1_89' title='bbox 904 1577 1066 1663; x_wconf 88' lang='lat' dir='ltr'>appetitos</span> <span class='ocrx_word' id='word_1_90' title='bbox 1083 1577 1191 1666; x_wconf 84' lang='lat' dir='ltr'>specie</span> <span class='ocrx_word' id='word_1_91' title='bbox 1204 1584 1398 1657; x_wconf 84' lang='lat' dir='ltr'>recusasset,</span> 
     </span>
     <span class='ocr_line' id='line_1_12' title="bbox 224 1682 1400 1769; baseline 0.003 -22"><span class='ocrx_word' id='word_1_92' title='bbox 224 1683 310 1748; x_wconf 91' lang='lat' dir='ltr'>nihil</span> <span class='ocrx_word' id='word_1_93' title='bbox 332 1682 424 1748; x_wconf 92' lang='lat' dir='ltr'>aliud</span> <span class='ocrx_word' id='word_1_94' title='bbox 447 1682 585 1761; x_wconf 83' lang='lat' dir='ltr'>fecisset,</span> <span class='ocrx_word' id='word_1_95' title='bbox 609 1682 674 1747; x_wconf 89' lang='lat' dir='ltr'>nisi</span> <span class='ocrx_word' id='word_1_96' title='bbox 693 1682 786 1767; x_wconf 94' lang='lat' dir='ltr'>quod</span> <span class='ocrx_word' id='word_1_97' title='bbox 801 1683 907 1749; x_wconf 85' lang='lat' dir='ltr'>facere</span> <span class='ocrx_word' id='word_1_98' title='bbox 928 1682 1056 1748; x_wconf 89' lang='lat' dir='ltr'>solebat</span> <span class='ocrx_word' id='word_1_99' title='bbox 1070 1684 1259 1769; x_wconf 66' lang='lat' dir='ltr'>Augustum</span> <span class='ocrx_word' id='word_1_100' title='bbox 1278 1684 1317 1750; x_wconf 89' lang='lat' dir='ltr'>cf.</span> <span class='ocrx_word' id='word_1_101' title='bbox 1335 1685 1400 1750; x_wconf 91' lang='lat' dir='ltr'>Dio</span> 
     </span>
     <span class='ocr_line' id='line_1_13' title="bbox 225 1790 496 1870; baseline -0.007 -14"><span class='ocrx_word' id='word_1_102' title='bbox 225 1791 279 1869; x_wconf 91' lang='grc'>55,</span> <span class='ocrx_word' id='word_1_103' title='bbox 305 1791 339 1868; x_wconf 90' lang='grc'>6;</span> <span class='ocrx_word' id='word_1_104' title='bbox 365 1790 417 1870; x_wconf 91' lang='grc'>56,</span> <span class='ocrx_word' id='word_1_105' title='bbox 443 1791 496 1854; x_wconf 90' lang='grc'>28.</span> 
     </span>
    </p>

    <p class='ocr_par' dir='ltr' id='par_1_3' title="bbox 223 1894 1401 3360">
     <span class='ocr_line' id='line_1_14' title="bbox 312 1894 1399 1990; baseline 0.001 -30"><span class='ocrx_word' id='word_1_106' title='bbox 312 1896 385 1960; x_wconf 88' lang='grc'>1010</span> <span class='ocrx_word' id='word_1_107' title='bbox 415 1894 459 1960; x_wconf 93' lang='lat' dir='ltr'>ad</span> <span class='ocrx_word' id='word_1_108' title='bbox 491 1915 530 1960; x_wconf 90' lang='lat' dir='ltr'>ca</span> <span class='ocrx_word' id='word_1_109' title='bbox 560 1894 801 1981; x_wconf 84' lang='lat' dir='ltr'>aggrediamur,</span> <span class='ocrx_word' id='word_1_110' title='bbox 832 1915 919 1980; x_wconf 89' lang='lat' dir='ltr'>quae</span> <span class='ocrx_word' id='word_1_111' title='bbox 947 1895 1096 1990; x_wconf 82' lang='lat' dir='ltr'>Velleius</span> <span class='ocrx_word' id='word_1_112' title='bbox 1116 1895 1241 1961; x_wconf 87' lang='lat' dir='ltr'>scribit</span> <span class='ocrx_word' id='word_1_113' title='bbox 1265 1897 1338 1976; x_wconf 85' lang='grc'>124,</span> <span class='ocrx_word' id='word_1_114' title='bbox 1363 1899 1399 1961; x_wconf 87' lang='lat'>3:</span> 
     </span>
     <span class='ocr_line' id='line_1_15' title="bbox 229 2003 1399 2084; baseline 0 -16"><span class='ocrx_word' id='word_1_115' title='bbox 229 2008 316 2084; x_wconf 77' lang='lat' dir='ltr'>«post</span> <span class='ocrx_word' id='word_1_116' title='bbox 338 2003 498 2066; x_wconf 80' lang='lat' dir='ltr'>redditum</span> <span class='ocrx_word' id='word_1_117' title='bbox 522 2003 604 2067; x_wconf 84' lang='lat' dir='ltr'>coelo</span> <span class='ocrx_word' id='word_1_118' title='bbox 621 2008 750 2083; x_wconf 82' lang='lat' dir='ltr'>patrem</span> <span class='ocrx_word' id='word_1_119' title='bbox 774 2009 803 2067; x_wconf 86' lang='lat' dir='ltr'>et</span> <span class='ocrx_word' id='word_1_120' title='bbox 825 2023 939 2084; x_wconf 83' lang='lat' dir='ltr'>eorpus</span> <span class='ocrx_word' id='word_1_121' title='bbox 963 2004 1031 2068; x_wconf 79' lang='lat' dir='ltr'>cies</span> <span class='ocrx_word' id='word_1_122' title='bbox 1053 2005 1203 2068; x_wconf 78' lang='lat' dir='ltr'>hemonis</span> <span class='ocrx_word' id='word_1_123' title='bbox 1220 2004 1399 2082; x_wconf 79' lang='lat' dir='ltr'>bonoribus,</span> 
     </span>
     <span class='ocr_line' id='line_1_16' title="bbox 225 2108 1401 2191; baseline 0.001 -18"><span class='ocrx_word' id='word_1_124' title='bbox 225 2129 342 2173; x_wconf 79' lang='lat' dir='ltr'>numere</span> <span class='ocrx_word' id='word_1_125' title='bbox 369 2108 487 2173; x_wconf 76' lang='lat' dir='ltr'>diuinis</span> <span class='ocrx_word' id='word_1_126' title='bbox 515 2109 711 2186; x_wconf 74' lang='lat' dir='ltr'>tmzmatum,</span> <span class='ocrx_word' id='word_1_127' title='bbox 738 2110 884 2188; x_wconf 79' lang='lat' dir='ltr'>primum</span> <span class='ocrx_word' id='word_1_128' title='bbox 907 2110 1142 2190; x_wconf 77' lang='lat' dir='ltr'>princepalium</span> <span class='ocrx_word' id='word_1_129' title='bbox 1174 2111 1243 2175; x_wconf 81' lang='lat' dir='ltr'>eius</span> <span class='ocrx_word' id='word_1_130' title='bbox 1269 2131 1401 2191; x_wconf 81' lang='lat' dir='ltr'>operum</span> 
     </span>
     <span class='ocr_line' id='line_1_17' title="bbox 223 2211 1400 2297; baseline 0 -18"><span class='ocrx_word' id='word_1_131' title='bbox 223 2215 289 2297; x_wconf 71' lang='lat' dir='ltr'>fuit</span> <span class='ocrx_word' id='word_1_132' title='bbox 308 2215 466 2280; x_wconf 79' lang='lat' dir='ltr'>ordinatio</span> <span class='ocrx_word' id='word_1_133' title='bbox 483 2215 710 2279; x_wconf 77' lang='lat' dir='ltr'>comitiorum».</span> <span class='ocrx_word' id='word_1_134' title='bbox 750 2211 845 2288; x_wconf 77' lang='lat' dir='ltr'>Quae</span> <span class='ocrx_word' id='word_1_135' title='bbox 867 2233 945 2278; x_wconf 87' lang='lat' dir='ltr'>vera</span> <span class='ocrx_word' id='word_1_136' title='bbox 967 2233 1038 2278; x_wconf 91' lang='lat' dir='ltr'>esse</span> <span class='ocrx_word' id='word_1_137' title='bbox 1061 2219 1159 2279; x_wconf 90' lang='lat' dir='ltr'>testes</span> <span class='ocrx_word' id='word_1_138' title='bbox 1184 2220 1264 2279; x_wconf 92' lang='lat' dir='ltr'>sunt</span> <span class='ocrx_word' id='word_1_139' title='bbox 1286 2213 1400 2280; x_wconf 89' lang='lat' dir='ltr'>Sueto-</span> 
     </span>
     <span class='ocr_line' id='line_1_18' title="bbox 225 2318 1399 2407; baseline 0.003 -24"><span class='ocrx_word' id='word_1_140' title='bbox 225 2319 303 2384; x_wconf 89' lang='lat' dir='ltr'>nius</span> <span class='ocrx_word' id='word_1_141' title='bbox 330 2318 417 2403; x_wconf 85' lang='lat' dir='ltr'>Aug.</span> <span class='ocrx_word' id='word_1_142' title='bbox 454 2319 526 2398; x_wconf 89' lang='grc'>100,</span> <span class='ocrx_word' id='word_1_143' title='bbox 558 2318 696 2383; x_wconf 83' lang='lat' dir='ltr'>Tacitus</span> <span class='ocrx_word' id='word_1_144' title='bbox 723 2338 801 2382; x_wconf 92' lang='lat' dir='ltr'>ann.</span> <span class='ocrx_word' id='word_1_145' title='bbox 835 2319 861 2398; x_wconf 93' lang='grc' dir='ltr'>Ι,</span> <span class='ocrx_word' id='word_1_146' title='bbox 887 2323 906 2384; x_wconf 91' lang='lat'>8</span> <span class='ocrx_word' id='word_1_147' title='bbox 935 2325 968 2384; x_wconf 91' lang='lat' dir='ltr'>et</span> <span class='ocrx_word' id='word_1_148' title='bbox 998 2323 1049 2400; x_wconf 91' lang='lat'>15,</span> <span class='ocrx_word' id='word_1_149' title='bbox 1082 2319 1146 2385; x_wconf 91' lang='lat' dir='ltr'>Dio</span> <span class='ocrx_word' id='word_1_150' title='bbox 1176 2321 1228 2401; x_wconf 85' lang='lat'>56,</span> <span class='ocrx_word' id='word_1_151' title='bbox 1260 2321 1304 2386; x_wconf 89' lang='grc'>34</span> <span class='ocrx_word' id='word_1_152' title='bbox 1327 2342 1399 2407; x_wconf 93' lang='lat' dir='ltr'>sqq.</span> 
     </span>
     <span class='ocr_line' id='line_1_19' title="bbox 225 2424 1399 2510; baseline 0.003 -20"><span class='ocrx_word' id='word_1_153' title='bbox 225 2425 336 2510; x_wconf 88' lang='lat' dir='ltr'>Atque</span> <span class='ocrx_word' id='word_1_154' title='bbox 359 2424 551 2510; x_wconf 91' lang='lat' dir='ltr'>Augustum</span> <span class='ocrx_word' id='word_1_155' title='bbox 573 2425 713 2504; x_wconf 87' lang='lat' dir='ltr'>Tiberio,</span> <span class='ocrx_word' id='word_1_156' title='bbox 731 2446 832 2510; x_wconf 92' lang='lat' dir='ltr'>quem</span> <span class='ocrx_word' id='word_1_157' title='bbox 856 2425 1054 2491; x_wconf 91' lang='lat' dir='ltr'>admodum</span> <span class='ocrx_word' id='word_1_158' title='bbox 1074 2427 1207 2492; x_wconf 87' lang='lat' dir='ltr'>comitia</span> <span class='ocrx_word' id='word_1_159' title='bbox 1223 2426 1399 2507; x_wconf 90' lang='lat' dir='ltr'>ordinaret,</span> 
     </span>
     <span class='ocr_line' id='line_1_20' title="bbox 225 2530 1399 2618; baseline 0.001 -21"><span class='ocrx_word' id='word_1_160' title='bbox 225 2537 424 2597; x_wconf 85' lang='lat' dir='ltr'>testamento</span> <span class='ocrx_word' id='word_1_161' title='bbox 446 2531 698 2616; x_wconf 87' lang='lat' dir='ltr'>praescripsisse</span> <span class='ocrx_word' id='word_1_162' title='bbox 713 2530 860 2596; x_wconf 83' lang='lat' dir='ltr'>Velleius</span> <span class='ocrx_word' id='word_1_163' title='bbox 877 2531 967 2597; x_wconf 91' lang='lat' dir='ltr'>solus</span> <span class='ocrx_word' id='word_1_164' title='bbox 990 2553 1051 2598; x_wconf 92' lang='lat' dir='ltr'>nos</span> <span class='ocrx_word' id='word_1_165' title='bbox 1074 2533 1179 2598; x_wconf 89' lang='lat' dir='ltr'>docet.</span> <span class='ocrx_word' id='word_1_166' title='bbox 1211 2533 1399 2618; x_wconf 86' lang='lat' dir='ltr'>Reprehen-</span> 
     </span>
     <span class='ocr_line' id='line_1_21' title="bbox 226 2635 1399 2724; baseline 0.003 -23"><span class='ocrx_word' id='word_1_167' title='bbox 226 2635 356 2701; x_wconf 89' lang='lat' dir='ltr'>dendus</span> <span class='ocrx_word' id='word_1_168' title='bbox 380 2643 492 2701; x_wconf 87' lang='lat' dir='ltr'>autem</span> <span class='ocrx_word' id='word_1_169' title='bbox 528 2642 578 2701; x_wconf 91' lang='lat' dir='ltr'>est</span> <span class='ocrx_word' id='word_1_170' title='bbox 608 2636 744 2701; x_wconf 91' lang='lat' dir='ltr'>Tacitus</span> <span class='ocrx_word' id='word_1_171' title='bbox 774 2637 811 2700; x_wconf 90' lang='lat' dir='ltr'>in</span> <span class='ocrx_word' id='word_1_172' title='bbox 843 2657 890 2716; x_wconf 91' lang='lat' dir='ltr'>eo,</span> <span class='ocrx_word' id='word_1_173' title='bbox 927 2637 1018 2722; x_wconf 94' lang='lat' dir='ltr'>quod</span> <span class='ocrx_word' id='word_1_174' title='bbox 1041 2638 1066 2717; x_wconf 90' lang='grc' dir='ltr'>Ι,</span> <span class='ocrx_word' id='word_1_175' title='bbox 1092 2641 1113 2704; x_wconf 92' lang='grc'>6</span> <span class='ocrx_word' id='word_1_176' title='bbox 1141 2638 1265 2724; x_wconf 91' lang='lat' dir='ltr'>quippe</span> <span class='ocrx_word' id='word_1_177' title='bbox 1296 2639 1399 2704; x_wconf 93' lang='lat' dir='ltr'>homo</span> 
     </span>
     <span class='ocr_line' id='line_1_22' title="bbox 225 2742 1398 2828; baseline 0.003 -21"><span class='ocrx_word' id='word_1_178' title='bbox 225 2743 357 2808; x_wconf 87' lang='lat' dir='ltr'>Tiberio</span> <span class='ocrx_word' id='word_1_179' title='bbox 387 2742 524 2828; x_wconf 92' lang='lat' dir='ltr'>iniquus</span> <span class='ocrx_word' id='word_1_180' title='bbox 560 2745 718 2825; x_wconf 76' lang='lat' dir='ltr'>«primum</span> <span class='ocrx_word' id='word_1_181' title='bbox 750 2747 824 2810; x_wconf 80' lang='lat' dir='ltr'>novi</span> <span class='ocrx_word' id='word_1_182' title='bbox 848 2747 1055 2827; x_wconf 75' lang='lat' dir='ltr'>principatus</span> <span class='ocrx_word' id='word_1_183' title='bbox 1084 2747 1232 2828; x_wconf 74' lang='lat' dir='ltr'>focinus»</span> <span class='ocrx_word' id='word_1_184' title='bbox 1263 2745 1398 2811; x_wconf 88' lang='lat' dir='ltr'>caedem</span> 
     </span>
     <span class='ocr_line' id='line_1_23' title="bbox 225 2847 1398 2938; baseline 0.003 -23"><span class='ocrx_word' id='word_1_185' title='bbox 225 2850 392 2934; x_wconf 90' lang='lat' dir='ltr'>Agrippae</span> <span class='ocrx_word' id='word_1_186' title='bbox 415 2847 568 2934; x_wconf 89' lang='lat' dir='ltr'>appellat,</span> <span class='ocrx_word' id='word_1_187' title='bbox 594 2869 697 2934; x_wconf 97' lang='grc'>00010</span> <span class='ocrx_word' id='word_1_188' title='bbox 720 2849 852 2915; x_wconf 90' lang='lat' dir='ltr'>Tiberio</span> <span class='ocrx_word' id='word_1_189' title='bbox 876 2851 1006 2915; x_wconf 88' lang='lat' dir='ltr'>crimini</span> <span class='ocrx_word' id='word_1_190' title='bbox 1029 2851 1108 2915; x_wconf 88' lang='lat' dir='ltr'>dare</span> <span class='ocrx_word' id='word_1_191' title='bbox 1124 2851 1245 2917; x_wconf 88' lang='lat' dir='ltr'>studet.</span> <span class='ocrx_word' id='word_1_192' title='bbox 1280 2852 1398 2938; x_wconf 90' lang='lat' dir='ltr'>Neque</span> 
     </span>
     <span class='ocr_line' id='line_1_24' title="bbox 225 2955 1397 3040; baseline 0.003 -19"><span class='ocrx_word' id='word_1_193' title='bbox 225 2955 315 3021; x_wconf 89' lang='lat' dir='ltr'>enim</span> <span class='ocrx_word' id='word_1_194' title='bbox 340 2955 455 3035; x_wconf 88' lang='lat' dir='ltr'>exiis,</span> <span class='ocrx_word' id='word_1_195' title='bbox 488 2977 574 3040; x_wconf 90' lang='lat' dir='ltr'>quae</span> <span class='ocrx_word' id='word_1_196' title='bbox 603 2956 783 3022; x_wconf 82' lang='lat' dir='ltr'>Suetonius</span> <span class='ocrx_word' id='word_1_197' title='bbox 806 2957 879 3022; x_wconf 93' lang='lat' dir='ltr'>Tib.</span> <span class='ocrx_word' id='word_1_198' title='bbox 906 2957 1166 3038; x_wconf 71' lang='grc'>2201111057,</span> <span class='ocrx_word' id='word_1_199' title='bbox 1192 2960 1212 3023; x_wconf 87' lang='grc'><strong>3</strong></span> <span class='ocrx_word' id='word_1_200' title='bbox 1239 2959 1397 3039; x_wconf 86' lang='lat' dir='ltr'>referunt,</span> 
     </span>
     <span class='ocr_line' id='line_1_25' title="bbox 225 3061 1399 3150; baseline 0.003 -25"><span class='ocrx_word' id='word_1_201' title='bbox 225 3062 365 3149; x_wconf 90' lang='lat' dir='ltr'>perspici</span> <span class='ocrx_word' id='word_1_202' title='bbox 382 3066 490 3146; x_wconf 88' lang='lat' dir='ltr'>potest</span> <span class='ocrx_word' id='word_1_203' title='bbox 506 3061 689 3148; x_wconf 87' lang='lat' dir='ltr'>Agrippam</span> <span class='ocrx_word' id='word_1_204' title='bbox 706 3063 918 3128; x_wconf 80' lang='lat' dir='ltr'>interfectum</span> <span class='ocrx_word' id='word_1_205' title='bbox 943 3085 1013 3129; x_wconf 88' lang='lat' dir='ltr'>esse</span> <span class='ocrx_word' id='word_1_206' title='bbox 1036 3064 1130 3129; x_wconf 89' lang='lat' dir='ltr'>iussu</span> <span class='ocrx_word' id='word_1_207' title='bbox 1153 3063 1290 3146; x_wconf 79' lang='lat' dir='ltr'>Tiberii3</span> <span class='ocrx_word' id='word_1_208' title='bbox 1314 3065 1399 3150; x_wconf 92' lang='lat' dir='ltr'>quin</span> 
     </span>
     <span class='ocr_line' id='line_1_26' title="bbox 225 3167 1397 3256; baseline 0.003 -23"><span class='ocrx_word' id='word_1_209' title='bbox 225 3168 325 3233; x_wconf 87' lang='lat' dir='ltr'>etiarn</span> <span class='ocrx_word' id='word_1_210' title='bbox 356 3167 532 3233; x_wconf 87' lang='lat' dir='ltr'>verisimile</span> <span class='ocrx_word' id='word_1_211' title='bbox 564 3189 635 3233; x_wconf 89' lang='lat' dir='ltr'>esse</span> <span class='ocrx_word' id='word_1_212' title='bbox 664 3169 867 3254; x_wconf 89' lang='lat' dir='ltr'>Augustum,</span> <span class='ocrx_word' id='word_1_213' title='bbox 901 3175 940 3234; x_wconf 92' lang='lat' dir='ltr'>ut</span> <span class='ocrx_word' id='word_1_214' title='bbox 969 3170 1118 3256; x_wconf 85' lang='lat' dir='ltr'>Agrippa</span> <span class='ocrx_word' id='word_1_215' title='bbox 1149 3170 1397 3251; x_wconf 84' lang='lat' dir='ltr'>interficeretur,</span> 
     </span>
     <span class='ocr_line' id='line_1_27' title="bbox 225 3273 1344 3360; baseline 0.001 -21"><span class='ocrx_word' id='word_1_216' title='bbox 225 3273 440 3360; x_wconf 88' lang='lat' dir='ltr'>imperavisse</span> <span class='ocrx_word' id='word_1_217' title='bbox 463 3273 642 3340; x_wconf 81' lang='lat' dir='ltr'>Suetonius</span> <span class='ocrx_word' id='word_1_218' title='bbox 666 3279 782 3339; x_wconf 90' lang='lat' dir='ltr'>auctor</span> <span class='ocrx_word' id='word_1_219' title='bbox 805 3280 863 3341; x_wconf 91' lang='lat' dir='ltr'>est.</span> <span class='ocrx_word' id='word_1_220' title='bbox 1341 3291 1344 3294; x_wconf 82' lang='grc'><em>·</em></span> 
     </span>
    </p>

    <p class='ocr_par' dir='ltr' id='par_1_4' title="bbox 224 3379 1399 4531">
     <span class='ocr_line' id='line_1_28' title="bbox 314 3379 1397 3464; baseline 0.004 -20"><span class='ocrx_word' id='word_1_221' title='bbox 314 3379 379 3445; x_wconf 91' lang='lat' dir='ltr'>Sed</span> <span class='ocrx_word' id='word_1_222' title='bbox 403 3381 679 3447; x_wconf 78' lang='grc'>(100010011000</span> <span class='ocrx_word' id='word_1_223' title='bbox 705 3403 797 3447; x_wconf 89' lang='lat' dir='ltr'>nunc</span> <span class='ocrx_word' id='word_1_224' title='bbox 825 3388 992 3448; x_wconf 88' lang='lat' dir='ltr'>transeam</span> <span class='ocrx_word' id='word_1_225' title='bbox 1021 3381 1064 3448; x_wconf 92' lang='lat' dir='ltr'>ad</span> <span class='ocrx_word' id='word_1_226' title='bbox 1087 3383 1172 3448; x_wconf 90' lang='lat' dir='ltr'>Vell.</span> <span class='ocrx_word' id='word_1_227' title='bbox 1197 3383 1239 3464; x_wconf 91' lang='lat' dir='ltr'>Il,</span> <span class='ocrx_word' id='word_1_228' title='bbox 1267 3383 1339 3462; x_wconf 89' lang='grc'>125,</span> <span class='ocrx_word' id='word_1_229' title='bbox 1367 3385 1397 3448; x_wconf 89' lang='grc'>1.</span> 
     </span>
     <span class='ocr_line' id='line_1_29' title="bbox 226 3486 1399 3576; baseline 0.003 -25"><span class='ocrx_word' id='word_1_230' title='bbox 226 3486 301 3563; x_wconf 78' lang='lat' dir='ltr'>Quo</span> <span class='ocrx_word' id='word_1_231' title='bbox 316 3487 388 3552; x_wconf 91' lang='lat' dir='ltr'>loco</span> <span class='ocrx_word' id='word_1_232' title='bbox 405 3489 543 3574; x_wconf 87' lang='lat' dir='ltr'>scriptor</span> <span class='ocrx_word' id='word_1_233' title='bbox 557 3489 925 3575; x_wconf 82' lang='lat' dir='ltr'>populumltomanum</span> <span class='ocrx_word' id='word_1_234' title='bbox 941 3491 1083 3576; x_wconf 91' lang='lat' dir='ltr'>gratiam</span> <span class='ocrx_word' id='word_1_235' title='bbox 1092 3489 1223 3555; x_wconf 89' lang='lat' dir='ltr'>Tiberio</span> <span class='ocrx_word' id='word_1_236' title='bbox 1239 3489 1399 3554; x_wconf 91' lang='lat' dir='ltr'>habuisse</span> 
     </span>
     <span class='ocr_line' id='line_1_30' title="bbox 224 3591 1396 3680; baseline 0.002 -22"><span class='ocrx_word' id='word_1_237' title='bbox 224 3591 335 3671; x_wconf 89' lang='lat' dir='ltr'>tradit,</span> <span class='ocrx_word' id='word_1_238' title='bbox 369 3593 428 3678; x_wconf 93' lang='lat' dir='ltr'>qui</span> <span class='ocrx_word' id='word_1_239' title='bbox 449 3596 603 3680; x_wconf 89' lang='lat' dir='ltr'>princeps</span> <span class='ocrx_word' id='word_1_240' title='bbox 632 3597 800 3661; x_wconf 87' lang='lat' dir='ltr'>extitisset.</span> <span class='ocrx_word' id='word_1_241' title='bbox 849 3597 943 3674; x_wconf 78' lang='lat' dir='ltr'>Quae</span> <span class='ocrx_word' id='word_1_242' title='bbox 971 3618 1037 3662; x_wconf 90' lang='lat' dir='ltr'>non</span> <span class='ocrx_word' id='word_1_243' title='bbox 1063 3595 1243 3662; x_wconf 88' lang='lat' dir='ltr'>abhorrent</span> <span class='ocrx_word' id='word_1_244' title='bbox 1274 3616 1294 3660; x_wconf 91' lang='lat' dir='ltr'>a</span> <span class='ocrx_word' id='word_1_245' title='bbox 1320 3595 1396 3661; x_wconf 90' lang='lat' dir='ltr'>fide.</span> 
     </span>
     <span class='ocr_line' id='line_1_31' title="bbox 224 3699 1397 3787; baseline 0.001 -23"><span class='ocrx_word' id='word_1_246' title='bbox 224 3699 342 3784; x_wconf 89' lang='lat' dir='ltr'>Neque</span> <span class='ocrx_word' id='word_1_247' title='bbox 364 3699 454 3764; x_wconf 91' lang='lat' dir='ltr'>enim</span> <span class='ocrx_word' id='word_1_248' title='bbox 477 3704 585 3785; x_wconf 89' lang='lat' dir='ltr'>potest</span> <span class='ocrx_word' id='word_1_249' title='bbox 608 3699 763 3779; x_wconf 89' lang='lat' dir='ltr'>dubitari,</span> <span class='ocrx_word' id='word_1_250' title='bbox 788 3701 871 3787; x_wconf 88' lang='lat' dir='ltr'>quin</span> <span class='ocrx_word' id='word_1_251' title='bbox 894 3702 1038 3767; x_wconf 89' lang='lat' dir='ltr'>Romani</span> <span class='ocrx_word' id='word_1_252' title='bbox 1069 3702 1196 3767; x_wconf 87' lang='lat' dir='ltr'>bellum</span> <span class='ocrx_word' id='word_1_253' title='bbox 1224 3701 1319 3769; x_wconf 90' lang='lat' dir='ltr'>civile</span> <span class='ocrx_word' id='word_1_254' title='bbox 1343 3699 1397 3766; x_wconf 91' lang='lat' dir='ltr'>de-</span> 
     </span>
     <span class='ocr_line' id='line_1_32' title="bbox 224 3805 1394 3894; baseline 0 -22"><span class='ocrx_word' id='word_1_255' title='bbox 224 3805 411 3886; x_wconf 85' lang='lat' dir='ltr'>vitaverint,</span> <span class='ocrx_word' id='word_1_256' title='bbox 435 3807 515 3891; x_wconf 90' lang='lat' dir='ltr'>quia</span> <span class='ocrx_word' id='word_1_257' title='bbox 537 3806 689 3872; x_wconf 90' lang='lat' dir='ltr'>Tiberius</span> <span class='ocrx_word' id='word_1_258' title='bbox 709 3809 874 3873; x_wconf 76' lang='lat' dir='ltr'>«stationi»</span> <span class='ocrx_word' id='word_1_259' title='bbox 894 3808 1040 3894; x_wconf 88' lang='lat' dir='ltr'>Augusti</span> <span class='ocrx_word' id='word_1_260' title='bbox 1055 3808 1225 3887; x_wconf 89' lang='lat' dir='ltr'>successit;</span> <span class='ocrx_word' id='word_1_261' title='bbox 1251 3809 1290 3872; x_wconf 88' lang='lat' dir='ltr'>cf.</span> <span class='ocrx_word' id='word_1_262' title='bbox 1316 3807 1394 3873; x_wconf 90' lang='lat' dir='ltr'>Tac.</span> 
     </span>
     <span class='ocr_line' id='line_1_33' title="bbox 225 3911 1393 3999; baseline 0.002 -23"><span class='ocrx_word' id='word_1_263' title='bbox 225 3932 304 3976; x_wconf 92' lang='lat' dir='ltr'>ann.</span> <span class='ocrx_word' id='word_1_264' title='bbox 327 3911 353 3991; x_wconf 95' lang='grc' dir='ltr'>Ι,</span> <span class='ocrx_word' id='word_1_265' title='bbox 378 3913 414 3991; x_wconf 86' lang='grc'>5;</span> <span class='ocrx_word' id='word_1_266' title='bbox 442 3914 567 3994; x_wconf 74' lang='lat' dir='ltr'>«plures</span> <span class='ocrx_word' id='word_1_267' title='bbox 590 3915 702 3980; x_wconf 78' lang='lat' dir='ltr'>bellum</span> <span class='ocrx_word' id='word_1_268' title='bbox 719 3936 896 3996; x_wconf 84' lang='lat' dir='ltr'>pavescere,</span> <span class='ocrx_word' id='word_1_269' title='bbox 922 3917 981 3982; x_wconf 77' lang='lat' dir='ltr'>alit</span> <span class='ocrx_word' id='word_1_270' title='bbox 1010 3937 1152 3999; x_wconf 69' lang='lat' dir='ltr'>cupere».</span> <span class='ocrx_word' id='word_1_271' title='bbox 1200 3913 1295 3990; x_wconf 79' lang='lat' dir='ltr'>Quae</span> <span class='ocrx_word' id='word_1_272' title='bbox 1320 3915 1393 3994; x_wconf 88' lang='grc'>125,</span> 
     </span>
     <span class='ocr_line' id='line_1_34' title="bbox 227 4017 1395 4102; baseline 0.003 -21"><span class='ocrx_word' id='word_1_273' title='bbox 227 4021 243 4082; x_wconf 93' lang='grc'>1</span> <span class='ocrx_word' id='word_1_274' title='bbox 269 4039 318 4102; x_wconf 88' lang='grc'>00.</span> <span class='ocrx_word' id='word_1_275' title='bbox 344 4017 384 4082; x_wconf 90' lang='grc'>(10</span> <span class='ocrx_word' id='word_1_276' title='bbox 408 4018 625 4085; x_wconf 87' lang='lat' dir='ltr'>seditionibus</span> <span class='ocrx_word' id='word_1_277' title='bbox 649 4041 738 4086; x_wconf 92' lang='lat' dir='ltr'>anno</span> <span class='ocrx_word' id='word_1_278' title='bbox 764 4023 806 4086; x_wconf 88' lang='grc'>14</span> <span class='ocrx_word' id='word_1_279' title='bbox 828 4043 849 4086; x_wconf 89' lang='grc'>0</span> <span class='ocrx_word' id='word_1_280' title='bbox 871 4022 1033 4087; x_wconf 89' lang='lat' dir='ltr'>militibus</span> <span class='ocrx_word' id='word_1_281' title='bbox 1056 4021 1092 4085; x_wconf 91' lang='lat' dir='ltr'>in</span> <span class='ocrx_word' id='word_1_282' title='bbox 1116 4020 1296 4085; x_wconf 85' lang='lat' dir='ltr'>Germania</span> <span class='ocrx_word' id='word_1_283' title='bbox 1312 4021 1395 4084; x_wconf 90' lang='lat' dir='ltr'>etin</span> 
     </span>
     <span class='ocr_line' id='line_1_35' title="bbox 224 4123 1395 4215; baseline 0.004 -28"><span class='ocrx_word' id='word_1_284' title='bbox 224 4123 355 4210; x_wconf 88' lang='lat' dir='ltr'>Illyrico</span> <span class='ocrx_word' id='word_1_285' title='bbox 379 4123 474 4190; x_wconf 88' lang='lat' dir='ltr'>factis</span> <span class='ocrx_word' id='word_1_286' title='bbox 497 4124 645 4192; x_wconf 90' lang='lat' dir='ltr'>Velleius</span> <span class='ocrx_word' id='word_1_287' title='bbox 667 4133 789 4206; x_wconf 87' lang='lat' dir='ltr'>narrat,</span> <span class='ocrx_word' id='word_1_288' title='bbox 821 4147 960 4193; x_wconf 87' lang='lat' dir='ltr'>cavera</span> <span class='ocrx_word' id='word_1_289' title='bbox 988 4147 1058 4192; x_wconf 90' lang='lat' dir='ltr'>esse</span> <span class='ocrx_word' id='word_1_290' title='bbox 1086 4127 1164 4193; x_wconf 86' lang='lat' dir='ltr'>satis</span> <span class='ocrx_word' id='word_1_291' title='bbox 1191 4133 1300 4215; x_wconf 84' lang='lat' dir='ltr'>potest</span> <span class='ocrx_word' id='word_1_292' title='bbox 1323 4147 1395 4213; x_wconf 93' lang='lat' dir='ltr'>cog·</span> 
     </span>
     <span class='ocr_line' id='line_1_36' title="bbox 225 4230 1395 4319; baseline 0.001 -23"><span class='ocrx_word' id='word_1_293' title='bbox 225 4230 318 4297; x_wconf 88' lang='lat' dir='ltr'>nosci</span> <span class='ocrx_word' id='word_1_294' title='bbox 350 4251 391 4296; x_wconf 88' lang='lat' dir='ltr'>ex</span> <span class='ocrx_word' id='word_1_295' title='bbox 421 4231 471 4312; x_wconf 90' lang='lat' dir='ltr'>iis,</span> <span class='ocrx_word' id='word_1_296' title='bbox 495 4252 582 4317; x_wconf 87' lang='lat' dir='ltr'>quae</span> <span class='ocrx_word' id='word_1_297' title='bbox 613 4231 702 4318; x_wconf 90' lang='lat' dir='ltr'>apud</span> <span class='ocrx_word' id='word_1_298' title='bbox 736 4231 890 4297; x_wconf 89' lang='lat' dir='ltr'>Taciturn</span> <span class='ocrx_word' id='word_1_299' title='bbox 923 4253 1000 4298; x_wconf 90' lang='lat' dir='ltr'>ann.</span> <span class='ocrx_word' id='word_1_300' title='bbox 1025 4233 1051 4313; x_wconf 96' lang='lat' dir='ltr'>I,</span> <span class='ocrx_word' id='word_1_301' title='bbox 1079 4235 1208 4300; x_wconf 85' lang='lat'>16-49</span> <span class='ocrx_word' id='word_1_302' title='bbox 1241 4239 1274 4298; x_wconf 89' lang='lat' dir='ltr'>et</span> <span class='ocrx_word' id='word_1_303' title='bbox 1303 4233 1395 4319; x_wconf 90' lang='lat' dir='ltr'>apud</span> 
     </span>
     <span class='ocr_line' id='line_1_37' title="bbox 224 4337 1395 4424; baseline 0.003 -22"><span class='ocrx_word' id='word_1_304' title='bbox 224 4337 368 4403; x_wconf 92' lang='lat' dir='ltr'>Dionem</span> <span class='ocrx_word' id='word_1_305' title='bbox 392 4339 444 4418; x_wconf 86' lang='grc'>57,</span> <span class='ocrx_word' id='word_1_306' title='bbox 475 4341 498 4402; x_wconf 84' lang='lat'>4</span> <span class='ocrx_word' id='word_1_307' title='bbox 522 4359 569 4424; x_wconf 92' lang='lat' dir='ltr'>sq.</span> <span class='ocrx_word' id='word_1_308' title='bbox 595 4338 717 4424; x_wconf 87' lang='lat' dir='ltr'>scripta</span> <span class='ocrx_word' id='word_1_309' title='bbox 746 4344 834 4403; x_wconf 93' lang='lat' dir='ltr'>sunt.</span> <span class='ocrx_word' id='word_1_310' title='bbox 882 4337 993 4424; x_wconf 90' lang='lat' dir='ltr'>Atque</span> <span class='ocrx_word' id='word_1_311' title='bbox 1022 4339 1191 4419; x_wconf 90' lang='grc'>1010125,</span> <span class='ocrx_word' id='word_1_312' title='bbox 1217 4342 1237 4406; x_wconf 87' lang='grc'><strong>3</strong></span> <span class='ocrx_word' id='word_1_313' title='bbox 1264 4340 1395 4406; x_wconf 83' lang='grc'>1006011</span> 
     </span>
     <span class='ocr_line' id='line_1_38' title="bbox 225 4443 1395 4531; baseline 0.004 -24"><span class='ocrx_word' id='word_1_314' title='bbox 225 4463 264 4508; x_wconf 86' lang='grc'>00</span> <span class='ocrx_word' id='word_1_315' title='bbox 287 4463 373 4528; x_wconf 84' lang='grc'>0000</span> <span class='ocrx_word' id='word_1_316' title='bbox 396 4444 557 4525; x_wconf 92' lang='lat' dir='ltr'>Tiberius,</span> <span class='ocrx_word' id='word_1_317' title='bbox 575 4450 614 4510; x_wconf 91' lang='lat' dir='ltr'>ut</span> <span class='ocrx_word' id='word_1_318' title='bbox 628 4443 749 4510; x_wconf 89' lang='lat' dir='ltr'>milites</span> <span class='ocrx_word' id='word_1_319' title='bbox 766 4443 903 4525; x_wconf 89' lang='lat' dir='ltr'>sedaret,</span> <span class='ocrx_word' id='word_1_320' title='bbox 920 4445 1006 4526; x_wconf 90' lang='lat' dir='ltr'>fecit,</span> <span class='ocrx_word' id='word_1_321' title='bbox 1023 4466 1065 4512; x_wconf 87' lang='lat' dir='ltr'>ex</span> <span class='ocrx_word' id='word_1_322' title='bbox 1079 4446 1179 4512; x_wconf 86' lang='lat' dir='ltr'>rebus</span> <span class='ocrx_word' id='word_1_323' title='bbox 1194 4466 1278 4531; x_wconf 89' lang='lat' dir='ltr'>quas</span> <span class='ocrx_word' id='word_1_324' title='bbox 1295 4447 1395 4513; x_wconf 86' lang='lat' dir='ltr'>refert</span> 
     </span>
    </p>
   </div>
   <div class='ocr_carea' id='block_1_3' title="bbox 0 0 1547 5044">
    <p class='ocr_par' dir='ltr' id='par_1_5' title="bbox 0 0 1547 5044">
     <span class='ocr_line' id='line_1_39' title="bbox 0 0 1547 5044; baseline 0 0"><span class='ocrx_word' id='word_1_325' title='bbox 0 0 1547 5044; x_wconf 95' lang='lat' dir='ltr'> </span> 
     </span>
    </p>
   </div>
  </div>
 </body>
</html>
