3084 5050
586 427 845 490 ...55-

143 619 242 684 nicus
274 620 449 685 «domitor»
484 619 670 704 appellatur
709 619 942 686 «Germaniae»
978 617 1064 705 (129,
1096 617 1138 705 2).
1190 619 1332 696 Quibus.

145 723 255 792 verbis
278 723 420 790 eandem
444 725 474 789 ei
496 724 632 790 laudem
654 725 698 791 ob
720 745 771 790 res
794 725 829 790 in
847 724 1027 791 Germania
1049 731 1159 810 gestas
1174 724 1322 798 Velleius

146 830 265 896 tribuit
287 851 391 915 quem
415 829 547 896 Tiberio
570 827 621 915 (cf.
646 853 679 916 p.
706 827 767 916 17).
800 829 904 907 'Quod
926 852 994 915 quo
1016 832 1088 896 iure
1110 831 1231 912 fecerit,
1249 854 1320 918 cog·

144 937 294 1002 noscitur
325 957 367 1000 ex
398 936 505 1002 Taciti
535 937 561 1015 I,
586 937 910 1014 50—51.155‡-71;
945 937 988 1016 H,
1013 938 1124 1003 5-26
1148 943 1182 1002 et
1203 937 1331 1004 Dionis·

146 1043 200 1121 57,
227 1043 267 1108 18
291 1047 324 1106 et
346 1041 497 1106 Suetonii
513 1040 617 1127 Calig.
640 1044 667 1107 1.
700 1041 856 1126 Namque
873 1041 1101 1121 Germanicus
1126 1063 1205 1132 cum
1223 1044 1322 1110 annis

147 1149 278 1213 14-16
310 1146 437 1213 bellum
465 1148 503 1212 in
531 1147 711 1214 Germania
736 1154 881 1234 gereret,
915 1149 952 1214 in
981 1148 1170 1216 interiorem
1199 1156 1321 1216 terram

144 1253 330 1340 penetravit
361 1258 394 1318 et
426 1254 524 1320 variis
556 1254 688 1340 proeliis
711 1254 816 1334 factis,
849 1275 1058 1340 quamquem
1089 1276 1213 1342 magna
1236 1256 1323 1342 cepit

145 1359 353 1439 detrimenta,
378 1366 492 1425 temen
515 1361 620 1428 victor
643 1382 774 1446 semper
797 1367 876 1426 erat.

233 1465 345 1530 Etiam
368 1486 455 1550 quae
478 1465 634 1552 deinceps
657 1467 817 1553 leguntur
839 1466 940 1534 verba
967 1469 1040 1547 129,
1066 1469 1100 1532 2:
1125 1471 1257 1552 «qnibns
1271 1471 1322 1534 in-

145 1579 268 1638 ventam
302 1574 371 1638 eins
401 1575 601 1656 cropperooit
630 1575 800 1640 bonoribus
831 1575 1036 1654 respondente
1059 1575 1144 1640 onitn
1168 1577 1323 1656 trinmpbi

145 1699 253 1743 rernm
268 1699 348 1760 qnos
361 1685 502 1761 pesserot
523 1680 790 1762 mopnitnotinilr,
815 1678 903 1743 iusta
926 1684 1059 1744 suntne
1082 1700 1173 1758 vera;
1198 1680 1322 1746 etenim

145 1783 285 1848 summis
308 1781 492 1848 honoribus
516 1782 755 1850 Germanicum
783 1805 803 1849 a
826 1783 957 1850 Tiberio
980 1790 1117 1850 auctum
1142 1806 1212 1851 esse
1235 1807 1321 1852 com-

145 1887 264 1974 probat
278 1887 425 1953 Tacitus.
461 1889 513 1954 Ite
528 1909 618 1954 enno
637 1889 901 1975 quintodecimo
924 1889 1096 1976 triumpho
1118 1891 1167 1957 illi
1190 1891 1321 1957 decreto

144 1993 233 2080 (ann.
261 1995 287 2074 1,
313 1991 367 2080 55)
401 2015 526 2060 nomen
559 1996 685 2082 accepit
720 1996 928 2082 imperatoris
959 1993 1048 2078 (ann.
1078 1998 1104 2076 I,
1129 1995 1198 2083 58),
1231 2019 1321 2065 anno

145 2098 389 2166 sextodecimo
426 2103 481 2166 rob
505 2109 628 2183 recepto
650 2104 744 2184 sipno
767 2123 837 2168 cnm
868 2103 953 2168 Varo
976 2106 1097 2170 omisso
1119 2107 1215 2171 dnotn
1241 2105 1321 2172 Ger·

143 2209 280 2274 manici»
307 2227 403 2271 arcus
427 2205 557 2272 dicatur
580 2205 669 2292 (ann.
694 2208 736 2287 H,
761 2205 826 2293 41),
858 2208 1153 2295 septimodecimo
1177 2210 1321 2296 splendi-

144 2313 319 2379 dissimum
342 2312 554 2398 triumphum
582 2313 650 2397 egit
672 2312 871 2379 Germanice
894 2312 983 2401 (ann.
1008 2316 1050 2394 H,
1075 2318 1133 2394 41;
1161 2317 1202 2382 cf.
1228 2315 1324 2383 Suetr-

144 2418 245 2505 Gelig.
273 2415 303 2502 1)
327 2424 360 2483 et
385 2419 554 2485 «Tiberina
570 2421 694 2485 nomine
711 2419 896 2486 Germanici
910 2428 1049 2488 trecenos
1058 2423 1146 2503 plebi
1160 2426 1320 2489 sestertios

144 2528 265 2592 ciritim
295 2526 384 2590 dedit
414 2547 507 2607 seone
539 2527 685 2610 oollepom
717 2528 896 2592 comnlntni
927 2529 996 2593 eins
1025 2530 1196 2594 destinarit
1228 2526 1318 2614 (ann.

143 2632 186 2711 H,
209 2628 273 2716 42).
306 2631 424 2715 Neque
446 2631 560 2697 minus
583 2652 660 2698 vera
684 2637 763 2696 sunt
785 2632 887 2698 verba
901 2631 1009 2698 Vellei
1026 2636 1099 2714 129,
1124 2637 1159 2701 3:
1183 2643 1320 2718 ‹qnonto

145 2759 213 2804 cnm
224 2739 339 2804 bonore
351 2737 579 2804 Germanicum
590 2760 684 2804 snnm
692 2741 730 2805 in
741 2741 978 2806 transmarinos
990 2743 1078 2808 misit
1083 2745 1319 2823 proveniente

144 2865 223 2909 nam
247 2843 489 2908 confirmantur
510 2863 531 2908 a
551 2844 667 2909 Tacito
690 2865 768 2909 ann.
785 2845 828 2923 H,
845 2846 903 2910 43:
931 2852 1025 2912 «tnnc
1048 2849 1168 2914 decreto
1185 2857 1320 2931 patrem

137 2952 314 3030 permissae
338 2950 528 3016 Germanico
545 2953 740 3031 prooincioe‚
764 2973 845 3033 onoc
867 2953 955 3017 mori
979 2953 1177 3034 dioidnntnr,
1200 2957 1321 3022 moins·

144 3076 201 3136 pie
222 3058 403 3137 imperinm,
436 3078 557 3139 qnoqno
581 3058 708 3134 odisset,
743 3079 839 3139 qnam
861 3059 913 3136 iic,
949 3060 1005 3140 qni
1030 3067 1113 3126 sorte
1140 3068 1197 3126 ont
1219 3063 1319 3128 missn

137 3162 299 3242 principis
322 3164 525 3228 obtinerent».
575 3160 642 3226 Sed
669 3161 842 3249 discrepat,
868 3184 947 3228 curn
973 3165 1045 3244 130,
1070 3167 1090 3230 3
1113 3171 1220 3231 morte
1242 3166 1319 3232 Ger·

145 3265 267 3331 manici
290 3267 463 3333 Tiberium
492 3267 604 3333 dolore
637 3267 797 3333 affectum
821 3290 891 3335 esse
915 3269 1038 3348 scribit,
1062 3277 1095 3336 et
1116 3291 1136 3335 a
1160 3272 1320 3338 Suetonio

147 3367 229 3455 (Tib.
255 3373 312 3451 52;
339 3373 441 3460 Oalig.
468 3371 566 3460 1-2)
590 3379 623 3439 et
642 3394 662 3439 a
684 3375 801 3441 Tacito
824 3373 912 3461 (ann.
930 3377 955 3456 I,
981 3378 1038 3452 33;
1062 3377 1105 3455 H,
1130 3379 1160 3443 5.
1187 3380 1238 3444 22.
1264 3381 1317 3444 26.

143 3477 193 3542 42.
220 3479 264 3544 43
288 3477 361 3564 etc.)
384 3485 418 3544 et
439 3499 460 3544 a
482 3479 590 3545 Dione
612 3479 676 3566 (57,
704 3476 766 3565 18).
814 3480 880 3557 Qui
914 3481 1152 3548 Germanicum
1188 3485 1319 3551 Tiberio

143 3603 211 3648 non
242 3583 343 3649 modo
366 3606 437 3650 non
460 3605 575 3650 carum
600 3585 702 3652 fuisse
723 3585 903 3668 affirmant,
939 3587 997 3654 sed
1027 3589 1128 3655 etiam
1160 3591 1318 3670 invisum,

142 3709 251 3774 neque
273 3691 446 3757 Tiberium
476 3690 623 3758 doluisse
645 3691 687 3758 de
709 3692 800 3759 illius
822 3700 937 3774 morte,
968 3694 1026 3761 sed
1049 3696 1207 3762 laetatum
1232 3717 1317 3775 esse;

143 3795 182 3860 cf.
207 3795 271 3861 Dio
294 3798 347 3876 57,
375 3799 430 3863 18;
459 3806 529 3862 (τοῦ
554 3799 588 3861 δὲ
612 3799 651 3883 δὴ
674 3797 863 3884 Γερμανικοῦ
887 3803 1123 3888 τελευτήσαντος
1147 3799 1163 3866 ὁ
1187 3805 1240 3886 μὲν
1264 3799 1319 3868 Τι-

142 3903 242 3985 βέριος
265 3907 319 3967 καὶ
342 3900 362 3990 ἡ
386 3901 498 3968 Arcotn
522 3909 597 3969 πάνυ
621 3902 775 3990 ἥσθησαν.
823 3904 917 3982 Quae
940 3927 1019 3971 cum
1042 3907 1089 3972 ita
1112 3908 1188 3987 sint,
1213 3906 1255 3972 de
1278 3928 1318 3973 ea

140 4026 175 4072 re
197 4006 334 4073 uberius
358 4008 578 4095 disputemus

229 4112 281 4178 Ac
312 4115 460 4200 primum
495 4116 633 4202 quidem
664 4117 782 4184 Dionis
814 4117 990 4205 descriptio
1025 4119 1156 4185 obstare
1190 4120 1317 4206 nequit,

139 4218 322 4302 quominus
354 4220 456 4287 fidem
486 4222 615 4289 Velleio
646 4223 841 4290 habeamus.
887 4225 976 4290 Nam
1008 4225 1044 4290 in
1075 4226 1203 4299 ratione
1231 4245 1318 4310 quae

138 4322 272 4389 Tiberio
294 4325 500 4393 interfuisset
516 4350 593 4394 cum
610 4329 818 4409 Germanico,
836 4329 1054 4396 describenda
1074 4336 1144 4396 tem
1160 4331 1317 4416 iniquum

135 4427 236 4494 illum
259 4429 363 4497 fuisse
384 4432 540 4514 vidimus,
565 4440 604 4500 ut
626 4435 727 4500 falsas
749 4456 801 4502 res
816 4437 996 4502 memoriae
1018 4435 1156 4522 prodere
1178 4458 1249 4503 non
1270 4459 1317 4503 re
