3084 5050
621 405 840 469 „25-

139 597 204 681 qui
237 598 310 676 105,
344 599 365 662 3
397 597 567 663 Tiberium
599 597 709 663 hieme
740 598 776 662 in
808 597 926 663 urbem
954 602 1098 663 tractum
1122 618 1193 663 esse
1215 596 1318 662 tradit

143 706 281 784 «pietate
303 725 395 769 sua».

233 809 301 886 Qui
331 810 456 875 fuerint
488 831 528 876 eo
550 817 706 896 tempore,
736 831 804 896 quo
827 811 1001 896 Augustus
1035 811 1144 877 evita
1167 809 1315 888 decessit,

139 914 373 980 Romanorum
392 916 506 995 animi,
520 916 667 982 Velleius
685 919 790 995 124,1
816 917 973 1002 depingit.
1006 916 1117 1001 Atque
1139 916 1261 980 iustam
1278 935 1318 980 ac

138 1041 257 1087 veram
280 1041 350 1086 esse
372 1021 461 1086 hane
484 1021 738 1108 descriptionem
754 1043 796 1088 ex
814 1022 865 1100 iis,
890 1043 976 1108 quae
992 1022 1127 1086 Tacitus
1150 1043 1228 1086 ann.
1252 1021 1278 1098 1,
1296 1023 1319 1084 4

139 1133 177 1192 et
201 1129 219 1192 ‘l
243 1124 366 1208 narrat,
391 1129 470 1194 satis
493 1134 602 1214 potest
624 1129 786 1214 cognosci.
823 1128 894 1193 Nec
915 1133 1029 1193 tamen
1048 1127 1154 1193 facere
1169 1147 1316 1213 possum,

139 1233 227 1318 quin
251 1254 354 1319 quam
376 1226 513 1319 iniquus
529 1234 661 1299 'liberio
676 1235 812 1300 Tacitus
835 1235 942 1313 fuerit,
967 1235 1082 1319 paucis
1105 1234 1169 1298 hcc
1184 1251 1319 1318 quoque

138 1339 218 1404 loco
240 1339 423 1404 ostendam.
469 1339 547 1405 Non
570 1341 660 1405 enim
683 1340 862 1426 quisquam
886 1339 1022 1426 negabit
1045 1345 1170 1404 statum
1193 1338 1240 1402 rei
1257 1358 1318 1423 pu·

138 1445 252 1510 blicae
273 1445 446 1510 Romanae
477 1452 552 1510 tum
575 1467 654 1511 eum
677 1445 792 1525 fuisse,
817 1452 856 1511 ut
878 1445 1005 1511 bellum
1028 1445 1122 1511 civile
1145 1443 1316 1520 extitisset,

138 1550 209 1615 nisi
232 1550 386 1616 Tiberius
412 1554 579 1618 «stationi»
605 1550 701 1637 (Vell.
718 1552 761 1630 II,
783 1553 856 1631 124,
875 1549 906 1638 2)
929 1551 1074 1636 Augusti
1097 1549 1316 1628 successisset,

140 1677 226 1722 cum
259 1663 389 1742 praeter
420 1677 475 1722 eos
505 1659 603 1736 viros,
637 1658 696 1743 qui
720 1658 961 1723 successionem
985 1656 1050 1722 sibi
1073 1655 1241 1722 vindicare
1263 1675 1318 1740 po·

140 1763 297 1841 tuissent,
315 1768 450 1828 senatus
466 1770 563 1841 certe,
581 1770 619 1828 ut
633 1763 810 1848 imperium
825 1785 845 1827 a
861 1763 1057 1828 Caesaribus
1081 1762 1145 1826 sibi
1167 1765 1318 1846 ereptum

141 1873 361 1954 recuperaret,
387 1869 620 1934 contendisset.
660 1868 759 1946 Quod
783 1870 830 1933 ita
854 1890 888 1934 se
911 1869 1034 1934 habere
1056 1868 1218 1933 Romanis
1237 1868 1318 1953 ipsis

141 1981 219 2040 tum
247 1980 317 2038 erat
337 1995 552 2059 persuasum;
584 1975 698 2059 itaque
726 1974 871 2060 prompti
895 1975 1067 2039 Tiberium
1090 1973 1319 2039 salutaverunt

141 2081 387 2164 imperatorem.
435 2082 596 2146 Attamen
627 2081 763 2146 Tacitus
799 2079 1024 2146 adulationem
1057 2087 1157 2166 atque
1186 2079 1318 2146 humili·

142 2192 250 2250 tatem
281 2186 541 2271 magistratibus,
575 2187 714 2265 senatui,
748 2187 872 2272 populo
904 2187 1035 2252 crimini
1066 2187 1137 2265 dat,
1170 2186 1250 2271 quia
1281 2186 1318 2249 in

143 2290 250 2357 verba
271 2291 395 2356 Tiberii
423 2291 634 2358 iuraverunt:
670 2299 723 2357 rat
745 2293 865 2358 Romae
887 2315 980 2358 rcere
1001 2296 1037 2358 in
1059 2293 1225 2358 servitiam
1248 2313 1318 2358 eorl-

144 2399 241 2476 sules,
259 2405 380 2478 patres,
413 2420 514 2480 eques.
539 2405 656 2480 quanto
678 2399 751 2481 qais
773 2398 948 2464 illustrior»
976 2404 1035 2463 etc.
1083 2398 1195 2482 Atque
1217 2397 1318 2461 etiam

144 2524 316 2569 sermones
347 2503 412 2568 hoc
442 2503 515 2569 loco
538 2503 673 2569 Tacitus
695 2503 813 2584 reddit,
846 2524 930 2589 quos
958 2504 1075 2569 inanes
1099 2510 1132 2569 et
1153 2503 1318 2588 malignos

145 2629 219 2674 esse
240 2609 312 2694 ipse
334 2607 431 2674 docet
452 2609 512 2688 III,
538 2611 579 2674 37
605 2616 637 2674 et
659 2609 718 2689 VI,
743 2612 796 2675 51.
843 2611 960 2695 Neque
992 2610 1083 2674 enim
1105 2610 1176 2674 fieri
1198 2610 1315 2695 potuit,

145 2721 186 2779 ut
208 2714 359 2780 Tiberius
392 2720 469 2780 ante
501 2735 631 2780 annum
657 2717 698 2780 14
725 2723 878 2782 «secretos
900 2717 1065 2782 libidines»
1092 2715 1317 2796 meditaretur,

145 2841 225 2886 cum
248 2841 356 2906 usque
378 2819 422 2884 ad
437 2841 567 2885 annum
590 2823 631 2886 21
661 2823 777 2887 «nullis
799 2822 1029 2902 voluptatibus»
1057 2827 1235 2908 caperetur,
1265 2843 1318 2888 ns-

27 2915 33 2926 ’
146 2947 222 3012 que,
246 2932 286 2991 ut
311 2928 430 2992 «multo
451 2928 575 2993 iudicio
596 2929 764 2994 cacaliae»
791 2932 1012 3011 erumperent,
1045 2948 1123 2992 cum
1145 2928 1320 3013 usquead

147 3053 277 3097 annum
303 3034 345 3097 14
370 3034 549 3117 «egregius»
575 3039 661 3098 esset
686 3035 771 3098 «rito
791 3035 972 3115 fumoque».
1005 3033 1160 3098 Ceterum
1182 3034 1321 3120 hicque

146 3138 278 3203 ratione
298 3137 446 3204 Velleius
479 3146 580 3224 atque
603 3139 738 3204 Tacitus
770 3139 806 3202 in
838 3138 937 3204 rebus
961 3139 1176 3204 aestimandis
1199 3141 1321 3206 versati

148 3245 224 3323 sint,
254 3244 400 3309 maxims
431 3245 638 3330 perspicitur.
685 3244 774 3309 Nam
803 3244 858 3309 ille
888 3245 1015 3310 bellum
1050 3245 1145 3312 civile
1176 3245 1322 3330 appellat

151 3352 255 3417 «orbis
277 3351 427 3416 ruinam»
461 3357 495 3414 et
527 3371 591 3428 eos
622 3351 681 3436 qui
704 3349 852 3415 Caesaris
875 3351 1021 3435 partium
1045 3356 1148 3429 erant,
1176 3352 1319 3432 «bonos»,

147 3456 203 3520 hic
226 3477 291 3535 eos,
323 3456 382 3541 qui
413 3455 544 3521 Tiberio
575 3455 742 3534 favebant,
775 3455 962 3520 adulatores
993 3462 1093 3541 atque
1116 3477 1227 3523 servos
1251 3477 1322 3522 esse

148 3561 229 3626 dicit
252 3568 285 3626 et
306 3561 445 3626 liberam
467 3583 538 3628 rem
564 3561 743 3647 publicam,
779 3581 987 3646 quamquam
1016 3560 1104 3627 bello
1126 3562 1214 3629 civili
1237 3584 1321 3648 opus

147 3668 266 3732 fuisset
296 3667 340 3732 ad
373 3688 447 3732 eam
478 3667 735 3748 restituendam,
771 3673 885 3734 tamen
917 3667 1046 3747 laudat;
1087 3668 1127 3733 cf.
1159 3669 1185 3745 I,
1220 3670 1319 3753 3sq.:

151 3781 283 3857 «quotus
306 3776 437 3857 quisque
459 3777 615 3857 reliquos,
654 3777 709 3857 qai
739 3796 806 3839 rem
830 3776 993 3856 publicam
1024 3774 1178 3838 vidisset?
1220 3775 1322 3856 igitar

149 3902 236 3946 verso
272 3881 411 3946 civitatis
441 3887 545 3946 state»
582 3887 642 3946 etc.
679 3881 793 3962 «pauci
826 3883 907 3946 bona
937 3880 1092 3946 libertatis
1123 3880 1160 3945 iri
1197 3901 1322 3946 cessum

149 3988 334 4054 disserere».

237 4093 350 4180 Atque
372 4094 455 4158 haec
470 4094 643 4159 hactenus.
681 4094 754 4158 Iam
769 4113 866 4178 porro
888 4093 946 4159 illa
962 4093 1217 4173 consideremus,
1235 4114 1322 4179 quae

148 4199 298 4266 Velleius
330 4197 440 4264 reddit
464 4200 537 4279 124,
563 4201 592 4264 2.
639 4197 758 4284 Neque
780 4199 1018 4284 reprehendere
1041 4219 1118 4263 eum
1142 4219 1321 4284 possumus

149 4306 185 4371 in
208 4327 257 4386 co,
290 4305 381 4392 quod
414 4311 568 4371 senatum
603 4304 833 4391 populumque
865 4306 1058 4371 Romanum
1089 4324 1166 4369 oum
1189 4303 1322 4368 Tiberio
1374 4349 1379 4360 -

149 4413 354 4499 pugnavisse
385 4411 495 4492 tradit,
521 4433 597 4479 oum
632 4411 690 4491 illi,
725 4417 763 4476 ut
790 4414 956 4478 «stationi»
990 4415 1147 4495 paternae
1169 4408 1321 4475 Tiberius
