3084 5050
621 403 840 466 ..29-

137 597 335 672 01111110οη
359 614 441 658 nam
463 593 593 660 Liviam
617 616 726 680 neque
748 595 793 661 ad
814 595 986 661 Tiberium
1009 593 1238 681 adoptandum
1261 616 1316 660 ne

137 699 273 788 quoad
296 720 520 766 successorem
550 699 789 766 destinandum
819 701 1024 787 permultum
1047 701 1191 766 valuisse
1214 721 1314 786 supra

137 806 280 872 ostendi.
327 807 398 872 Nec
431 827 509 872 vero
544 827 679 892 prorsus
701 807 812 892 inepte
846 807 1019 873 dicebatur
1052 806 1224 872 Tiberium
1257 827 1315 872 vo-

137 919 254 980 catum
278 913 489 998 electumque
511 932 532 977 a
554 933 590 978 re
618 912 754 998 publica
776 912 881 978 videri
903 913 1061 979 maluisse
1083 934 1187 998 quam
1218 911 1316 979 senili

135 1022 319 1109 adoptione
351 1022 530 1107 irrepsisse.
593 1024 733 1089 «Statio»
772 1024 863 1089 enim
901 1021 1063 1108 Augusti,
1105 1040 1313 1107 quamquam

134 1129 219 1194 satis
241 1128 340 1193 firma
362 1134 441 1206 erat,
466 1133 580 1193 tamen
599 1150 668 1194 non
691 1149 731 1194 ea
757 1136 836 1208 erat,
862 1149 949 1214 quae
963 1127 1008 1194 ab
1022 1127 1080 1192 1110
1098 1126 1142 1192 ad
1157 1126 1314 1191 heredem

134 1235 212 1300 sine
246 1234 454 1301 dubitatione
491 1233 610 1299 deferri
641 1241 762 1320 posset.
810 1235 928 1320 Itaque
963 1254 1024 1299 suo
1057 1234 1129 1298 iure
1161 1231 1313 1297 Tiberius

133 1343 365 1428 principatum
387 1343 529 1427 arripere
553 1349 729 1407 cunctatus
753 1348 812 1421 est,
836 1362 915 1406 oum
930 1341 994 1405 hoc
1009 1339 1110 1405 modo
1125 1337 1315 1422 intellegere

131 1459 251 1534 posset
272 1455 304 1513 et
325 1449 495 1515 neminem
519 1469 633 1514 secum
657 1449 698 1514 de
720 1470 759 1514 eo
775 1448 1020 1514 decertaturum
1043 1467 1114 1512 esse
1133 1452 1166 1510 et
1181 1445 1313 1510 senatui

131 1554 331 1640 populoque
353 1555 506 1620 Romano
528 1576 726 1640 persuasum
742 1575 896 1620 asserem
914 1553 1084 1638 publicam
1108 1557 1220 1616 extare
1243 1571 1313 1616 non

133 1681 239 1748 posse
253 1660 318 1724 nisi
332 1659 396 1726 sub
412 1661 511 1725 unius
523 1659 750 1746 viriimpe1io;
769 1659 809 1724 cf.
827 1659 904 1726 Tac.
923 1679 1001 1723 ann.
1018 1658 1044 1737 I,
1062 1659 1098 1722 4:
1129 1665 1314 1742 «postquam

127 1774 285 1848 provecta
302 1769 369 1832 ium
388 1774 527 1832 setectus
547 1789 640 1850 00910
656 1773 685 1832 ct
700 1788 830 1847 corpore
843 1767 1044 1849 fatigabatur
1059 1761 1138 1849 (scil.
1156 1763 1313 1849 Augusti)

135 1874 313 1954 aderatque
341 1873 419 1953 ficis
450 1879 479 1938 et
501 1894 572 1954 spes
594 1894 701 1950 novae,
719 1875 821 1953 pauci
848 1875 928 1938 110110
950 1873 1106 1937 libertatis
1128 1873 1165 1936 ic
1187 1891 1312 1936 cussum

135 1980 303 2055 comere,
332 1979 445 2058 plures
474 1979 587 2043 11011011
603 1999 805 2058 pavescere».
851 1976 998 2041 Tertiam
1027 1982 1141 2041 autem
1164 1996 1311 2051 eausam,

136 2103 243 2168 quam
272 2081 407 2147 Tacitus
437 2082 542 2160 affert,
572 2103 641 2146 non
671 2081 771 2148 modo
802 2082 952 2167 ineptam
987 2082 1045 2147 sed
1073 2083 1174 2146 etiam
1197 2082 1310 2146 fictam

136 2210 220 2268 esse,
255 2194 294 2254 ut
326 2188 450 2254 Tiberii
483 2189 617 2274 ingenio
656 2189 872 2274 moribusque
906 2189 1152 2268 obtrectaretur,
1183 2188 1312 2253 Sievers

134 2318 170 2382 p.
199 2298 328 2362 16-19
351 2296 431 2360 satis
454 2295 608 2360 ostendit.
648 2295 764 2380 Neque
787 2294 975 2380 quidquam
997 2294 1120 2359 addam
1145 2294 1211 2360 nisi
1232 2293 1312 2360 veri-

137 2401 247 2468 simile
270 2421 340 2466 esse
358 2408 529 2466 auctorem
544 2400 659 2466 Tacito
681 2407 783 2485 atque
798 2400 899 2465 Dioni
914 2421 1127 2465 communem
1145 2420 1165 2464 a
1180 2399 1312 2465 Tiberio

137 2507 243 2574 fuisse
265 2506 426 2586 alienum;
461 2527 541 2572 nam
576 2507 641 2572 1100
674 2527 756 2572 usus
786 2512 923 2590 uterque
950 2507 1039 2571 hanc
1061 2506 1235 2572 materiam
1259 2525 1310 2570 ex-

135 2613 276 2700 plicavit
297 2611 516 2699 (Horstmann
540 2635 572 2697 p.
591 2615 632 2678 19
646 2634 729 2699 sqq,
754 2611 953 2678 lroitzheim
977 2634 1009 2698 p.
1026 2614 1068 2678 26
1084 2634 1144 2699 sq„
1169 2609 1312 2677 8101101Ιῖ

135 2743 169 2807 Ρ.
196 2717 346 2902 3111811110)
355 2825 491 2911 quidem
523 2825 565 2890 de
596 2825 704 2910 prima
725 2830 819 2911 parte
840 2827 1060 2910 quaestionis;
1093 2825 1159 2890 iam
1183 2823 1225 2888 de
1247 2823 1313 2890 avi-

138 2932 242 2998 ditate
263 2931 322 2996 illa
343 2930 506 3016 regnandi
527 2930 610 3015 quid
634 2931 677 2994 sit
698 2928 928 3009 iudicandum,
960 2930 1148 2996 doceamus.
1200 2929 1313 3014 Atque

137 3039 203 3103 hoc
226 3037 315 3103 dico:
340 3043 428 3102 certa
451 3036 575 3121 quibus
592 3035 763 3102 Tiberium
785 3037 948 3122 regnandi
969 3037 1107 3103 avidum
1122 3037 1224 3101 fuisse
1242 3057 1312 3122 pro·

137 3145 246 3223 betur,
281 3149 478 3230 argumenta
513 3164 583 3209 non
623 3143 849 3209 inveniuntur.
907 3142 1025 3228 Neque
1056 3143 1147 3208 enim
1177 3141 1313 3208 Tacitus

136 3257 268 3337 praeter
296 3248 459 3314 iudicium
488 3249 557 3315 sive
579 3249 622 3314 ab
645 3250 718 3334 ipso
740 3249 848 3314 latum
871 3249 939 3316 sive
962 3271 1004 3314 ex
1026 3249 1118 3314 fonte
1140 3248 1311 3328 haustum,

137 3355 230 3422 unde
253 3355 393 3420 aviditas
415 3355 473 3420 illa
495 3356 651 3440 cognosci
671 3362 792 3440 posset,
816 3360 1013 3440 argumenta
1034 3353 1179 3420 reddidit
1203 3374 1313 3440 neque

137 3462 319 3529 Suetonius
342 3483 450 3548 neque
465 3463 538 3528 Dio.
584 3463 722 3548 Iniquus
745 3468 857 3526 autem
881 3460 1012 3526 Tiberio
1034 3461 1071 3526 in
1094 3461 1313 3546 descriptione

138 3569 241 3634 huius
268 3567 426 3633 materiae
447 3568 551 3632 fuisse
582 3573 615 3632 01
645 3567 842 3632 Suetonium
870 3572 904 3631 et
925 3566 1081 3632 Tacitum
1102 3565 1313 3650 Dionemque

137 3674 295 3740 vidimus.
334 3674 451 3758 Itaque
473 3674 513 3738 iis
536 3673 638 3738 fidem
662 3671 854 3738 habendam
876 3694 947 3738 non
963 3693 1034 3739 esse
1049 3693 1175 3751 senece,
1201 3673 1229 3736 si
1249 3672 1312 3736 dis·

138 3780 283 3845 sentient
301 3778 343 3843 ab
367 3779 430 3845 alio
454 3780 618 3866 scriptore.

228 3886 323 3963 Quae
346 3907 424 3950 cum
452 3887 500 3952 ita
522 3887 599 3965 sint,
622 3886 738 3971 paucis
760 3905 940 3970 possumus
963 3883 1130 3964 disserere,
1163 3883 1198 3948 id
1221 3884 1312 3970 quod

137 3993 274 4058 tertium
307 3999 356 4058 est
387 3993 603 4079 propositum,
636 3993 677 4057 de
699 3990 806 4056 Vellei
827 3990 902 4059 fide.
957 3990 1074 4076 Neque
1097 4011 1152 4056 eos
1173 4012 1312 4077 possum

137 4097 275 4164 laudare
298 4096 359 4185 (ex.
383 4119 430 4186 gr.
448 4120 540 4164 nom.
557 4098 670 4164 Goeke
692 4120 724 4184 p.
743 4095 806 4184 27),
824 4099 883 4183 qui
897 4119 1015 4184 persus
1031 4119 1051 4162 a
1068 4097 1135 4163 fide
1156 4097 1312 4164 historica

137 4204 201 4270 1100
223 4205 297 4270 loco
313 4225 392 4270 eum
406 4204 583 4270 abhorrere
605 4210 737 4291 putant.
777 4204 869 4281 Quin
892 4204 992 4270 etiam
1016 4224 1078 4289 ego
1101 4224 1170 4268 non
1194 4203 1312 4268 dubito

136 4310 240 4376 fidem
263 4311 414 4396 scriptori
435 4310 568 4376 habere.
617 4311 733 4396 Neque
757 4310 848 4375 enim
875 4308 975 4376 verba
998 4310 1082 4374 eius:
1108 4330 1198 4374 «cum
1221 4309 1311 4390 qaid·

137 4419 217 4500 qaid
245 4418 398 4484 tuendam
425 4419 705 4498 conscensum,
738 4418 924 4497 petiturum
951 4416 1087 4481 videret»
1122 4419 1313 4500 repugnant
