<?xml version="1.0" encoding="UTF-8"?>
<!DOCTYPE html PUBLIC "-//W3C//DTD XHTML 1.0 Transitional//EN"
    "http://www.w3.org/TR/xhtml1/DTD/xhtml1-transitional.dtd">
<html xmlns="http://www.w3.org/1999/xhtml" xml:lang="en" lang="en">
 <head>
  <title>
</title>
<meta http-equiv="Content-Type" content="text/html;charset=utf-8" />
  <meta name='ocr-system' content='tesseract 3.04.00' />
  <meta name='ocr-capabilities' content='ocr_page ocr_carea ocr_par ocr_line ocrx_word'/>
</head>
<body>
  <div class='ocr_page' id='page_1' title='image "./develleipatercu01fausgoog_0023.png"; bbox 0 0 3084 5050; ppageno 0'>
   <div class='ocr_carea' id='block_1_1' title="bbox 690 355 912 418">
    <p class='ocr_par' dir='ltr' id='par_1_1' title="bbox 690 355 912 418">
     <span class='ocr_line' id='line_1_1' title="bbox 690 355 912 418; baseline -0.009 -18"><span class='ocrx_word' id='word_1_1' title='bbox 690 355 912 418; x_wconf 77' lang='lat'>..16-</span> 
     </span>
    </p>
   </div>
   <div class='ocr_carea' id='block_1_2' title="bbox 209 543 1393 2433">
    <p class='ocr_par' dir='ltr' id='par_1_2' title="bbox 209 543 1393 2097">
     <span class='ocr_line' id='line_1_2' title="bbox 212 543 1390 632; baseline -0.003 -16"><span class='ocrx_word' id='word_1_2' title='bbox 212 569 285 616; x_wconf 75' lang='lat' dir='ltr'>curu</span> <span class='ocrx_word' id='word_1_3' title='bbox 300 549 402 632; x_wconf 60' lang='lat' dir='ltr'>arbuta</span> <span class='ocrx_word' id='word_1_4' title='bbox 411 549 589 632; x_wconf 69' lang='lat' dir='ltr'>audactus</span> <span class='ocrx_word' id='word_1_5' title='bbox 606 548 792 625; x_wconf 73' lang='lat' dir='ltr'>mucium»,</span> <span class='ocrx_word' id='word_1_6' title='bbox 810 549 844 612; x_wconf 88' lang='lat' dir='ltr'>et</span> <span class='ocrx_word' id='word_1_7' title='bbox 857 566 879 611; x_wconf 92' lang='lat' dir='ltr'>a</span> <span class='ocrx_word' id='word_1_8' title='bbox 893 545 1009 610; x_wconf 85' lang='lat' dir='ltr'>Tacito</span> <span class='ocrx_word' id='word_1_9' title='bbox 1024 543 1179 611; x_wconf 76' lang='lat' dir='ltr'><strong>dissentit</strong></span> <span class='ocrx_word' id='word_1_10' title='bbox 1192 550 1227 612; x_wconf 89' lang='lat' dir='ltr'>et</span> <span class='ocrx_word' id='word_1_11' title='bbox 1240 547 1390 628; x_wconf 90' lang='lat' dir='ltr'>aDione,</span> 
     </span>
     <span class='ocr_line' id='line_1_3' title="bbox 211 650 1392 742; baseline -0.001 -21"><span class='ocrx_word' id='word_1_12' title='bbox 211 673 355 742; x_wconf 92' lang='lat' dir='ltr'>quorum</span> <span class='ocrx_word' id='word_1_13' title='bbox 371 659 511 740; x_wconf 85' lang='lat' dir='ltr'>uterque</span> <span class='ocrx_word' id='word_1_14' title='bbox 522 651 693 718; x_wconf 77' lang='lat' dir='ltr'>Tiberium</span> <span class='ocrx_word' id='word_1_15' title='bbox 709 671 777 717; x_wconf 90' lang='lat' dir='ltr'>non</span> <span class='ocrx_word' id='word_1_16' title='bbox 793 652 941 738; x_wconf 90' lang='lat' dir='ltr'>primum</span> <span class='ocrx_word' id='word_1_17' title='bbox 955 650 1000 716; x_wconf 89' lang='lat' dir='ltr'>ad</span> <span class='ocrx_word' id='word_1_18' title='bbox 1016 651 1130 717; x_wconf 88' lang='lat' dir='ltr'>Albim</span> <span class='ocrx_word' id='word_1_19' title='bbox 1148 651 1182 716; x_wconf 86' lang='lat' dir='ltr'>fl.</span> <span class='ocrx_word' id='word_1_20' title='bbox 1197 657 1392 737; x_wconf 82' lang='lat' dir='ltr'>penetrasse</span> 
     </span>
     <span class='ocr_line' id='line_1_4' title="bbox 209 757 1393 844; baseline -0.007 -12"><span class='ocrx_word' id='word_1_21' title='bbox 209 765 326 832; x_wconf 79' lang='lat' dir='ltr'>auctor</span> <span class='ocrx_word' id='word_1_22' title='bbox 348 765 412 838; x_wconf 87' lang='lat' dir='ltr'>est;</span> <span class='ocrx_word' id='word_1_23' title='bbox 458 779 538 824; x_wconf 91' lang='lat' dir='ltr'>nam</span> <span class='ocrx_word' id='word_1_24' title='bbox 562 759 627 824; x_wconf 92' lang='lat' dir='ltr'>Dio</span> <span class='ocrx_word' id='word_1_25' title='bbox 649 778 740 824; x_wconf 88' lang='grc'>5555</span> <span class='ocrx_word' id='word_1_26' title='bbox 763 761 784 825; x_wconf 89' lang='lat'>9</span> <span class='ocrx_word' id='word_1_27' title='bbox 808 778 837 823; x_wconf 89' lang='lat' dir='ltr'>a.</span> <span class='ocrx_word' id='word_1_28' title='bbox 862 757 939 823; x_wconf 86' lang='lat' dir='ltr'>Gbr.</span> <span class='ocrx_word' id='word_1_29' title='bbox 965 779 999 822; x_wconf 90' lang='lat' dir='ltr'>n.</span> <span class='ocrx_word' id='word_1_30' title='bbox 1023 757 1175 823; x_wconf 81' lang='lat' dir='ltr'>Drusum</span> <span class='ocrx_word' id='word_1_31' title='bbox 1207 758 1393 844; x_wconf 86' lang='lat' dir='ltr'>usquead</span> 
     </span>
     <span class='ocr_line' id='line_1_5' title="bbox 211 862 1391 952; baseline -0.002 -20"><span class='ocrx_word' id='word_1_32' title='bbox 211 863 325 932; x_wconf 82' lang='lat' dir='ltr'><strong>Albim</strong></span> <span class='ocrx_word' id='word_1_33' title='bbox 361 883 573 952; x_wconf 86' lang='lat' dir='ltr'>progressum</span> <span class='ocrx_word' id='word_1_34' title='bbox 609 883 682 930; x_wconf 86' lang='lat' dir='ltr'>esse</span> <span class='ocrx_word' id='word_1_35' title='bbox 718 862 820 929; x_wconf 82' lang='lat' dir='ltr'>tradit</span> <span class='ocrx_word' id='word_1_36' title='bbox 850 865 960 942; x_wconf 90' lang='grc'>55,1,</span> <span class='ocrx_word' id='word_1_37' title='bbox 993 869 1134 948; x_wconf 89' lang='lat' dir='ltr'>uterque</span> <span class='ocrx_word' id='word_1_38' title='bbox 1163 869 1276 928; x_wconf 87' lang='lat' dir='ltr'>autem</span> <span class='ocrx_word' id='word_1_39' title='bbox 1308 871 1391 930; x_wconf 86' lang='lat' dir='ltr'>aute</span> 
     </span>
     <span class='ocr_line' id='line_1_6' title="bbox 210 967 1391 1058; baseline -0.003 -20"><span class='ocrx_word' id='word_1_40' title='bbox 210 989 341 1038; x_wconf 87' lang='lat' dir='ltr'>annum</span> <span class='ocrx_word' id='word_1_41' title='bbox 362 971 509 1058; x_wconf 89' lang='lat' dir='ltr'>primum</span> <span class='ocrx_word' id='word_1_42' title='bbox 533 991 565 1056; x_wconf 88' lang='lat' dir='ltr'>p.</span> <span class='ocrx_word' id='word_1_43' title='bbox 582 967 659 1036; x_wconf 89' lang='lat' dir='ltr'>Ohr.</span> <span class='ocrx_word' id='word_1_44' title='bbox 676 990 709 1034; x_wconf 83' lang='lat' dir='ltr'>n.</span> <span class='ocrx_word' id='word_1_45' title='bbox 727 969 765 1035; x_wconf 82' lang='lat' dir='ltr'>L.</span> <span class='ocrx_word' id='word_1_46' title='bbox 786 969 974 1034; x_wconf 88' lang='lat' dir='ltr'>Domitium</span> <span class='ocrx_word' id='word_1_47' title='bbox 996 990 1068 1034; x_wconf 91' lang='lat' dir='ltr'>non</span> <span class='ocrx_word' id='word_1_48' title='bbox 1089 969 1191 1035; x_wconf 88' lang='lat' dir='ltr'>modo</span> <span class='ocrx_word' id='word_1_49' title='bbox 1213 970 1257 1035; x_wconf 88' lang='lat' dir='ltr'>ad</span> <span class='ocrx_word' id='word_1_50' title='bbox 1272 969 1391 1035; x_wconf 84' lang='lat' dir='ltr'><strong>Albim</strong></span> 
     </span>
     <span class='ocr_line' id='line_1_7' title="bbox 210 1074 1389 1164; baseline 0 -22"><span class='ocrx_word' id='word_1_51' title='bbox 210 1077 407 1164; x_wconf 87' lang='lat' dir='ltr'>processisse</span> <span class='ocrx_word' id='word_1_52' title='bbox 429 1074 487 1142; x_wconf 89' lang='lat' dir='ltr'>sed</span> <span class='ocrx_word' id='word_1_53' title='bbox 510 1074 611 1142; x_wconf 86' lang='lat' dir='ltr'>etiam</span> <span class='ocrx_word' id='word_1_54' title='bbox 634 1095 711 1141; x_wconf 91' lang='lat' dir='ltr'>eum</span> <span class='ocrx_word' id='word_1_55' title='bbox 734 1080 979 1160; x_wconf 88' lang='lat' dir='ltr'>transgressum</span> <span class='ocrx_word' id='word_1_56' title='bbox 1002 1095 1073 1142; x_wconf 89' lang='lat' dir='ltr'>esse</span> <span class='ocrx_word' id='word_1_57' title='bbox 1095 1075 1205 1140; x_wconf 88' lang='lat' dir='ltr'>reddit</span> <span class='ocrx_word' id='word_1_58' title='bbox 1212 1097 1220 1154; x_wconf 87' lang='lat'>;</span> <span class='ocrx_word' id='word_1_59' title='bbox 1245 1076 1287 1142; x_wconf 86' lang='lat' dir='ltr'>ci.</span> <span class='ocrx_word' id='word_1_60' title='bbox 1308 1075 1389 1142; x_wconf 82' lang='lat' dir='ltr'>Tac.</span> 
     </span>
     <span class='ocr_line' id='line_1_8' title="bbox 210 1179 1392 1263; baseline -0.003 -13"><span class='ocrx_word' id='word_1_61' title='bbox 210 1202 290 1250; x_wconf 88' lang='lat' dir='ltr'>ann.</span> <span class='ocrx_word' id='word_1_62' title='bbox 314 1181 374 1263; x_wconf 88' lang='lat' dir='ltr'>IV,</span> <span class='ocrx_word' id='word_1_63' title='bbox 398 1182 456 1260; x_wconf 85' lang='lat'>44;</span> <span class='ocrx_word' id='word_1_64' title='bbox 480 1179 545 1248; x_wconf 89' lang='lat' dir='ltr'>Dio</span> <span class='ocrx_word' id='word_1_65' title='bbox 567 1180 620 1261; x_wconf 89' lang='grc'>55,</span> <span class='ocrx_word' id='word_1_66' title='bbox 648 1182 730 1247; x_wconf 87' lang='grc'>105.</span> <span class='ocrx_word' id='word_1_67' title='bbox 777 1181 866 1246; x_wconf 86' lang='lat' dir='ltr'>Tum</span> <span class='ocrx_word' id='word_1_68' title='bbox 894 1187 926 1246; x_wconf 88' lang='lat' dir='ltr'>et</span> <span class='ocrx_word' id='word_1_69' title='bbox 953 1201 974 1246; x_wconf 88' lang='grc'>5</span> <span class='ocrx_word' id='word_1_70' title='bbox 996 1181 1156 1248; x_wconf 83' lang='lat' dir='ltr'>Suetonio</span> <span class='ocrx_word' id='word_1_71' title='bbox 1183 1187 1216 1247; x_wconf 89' lang='lat' dir='ltr'>et</span> <span class='ocrx_word' id='word_1_72' title='bbox 1238 1201 1258 1246; x_wconf 89' lang='grc'>5</span> <span class='ocrx_word' id='word_1_73' title='bbox 1280 1181 1392 1247; x_wconf 83' lang='grc'>111555</span> 
     </span>
     <span class='ocr_line' id='line_1_9' title="bbox 212 1285 1389 1375; baseline -0.003 -19"><span class='ocrx_word' id='word_1_74' title='bbox 212 1287 397 1375; x_wconf 74' lang='lat' dir='ltr'>discrepare</span> <span class='ocrx_word' id='word_1_75' title='bbox 419 1285 552 1354; x_wconf 89' lang='lat' dir='ltr'>videtur</span> <span class='ocrx_word' id='word_1_76' title='bbox 573 1285 722 1354; x_wconf 81' lang='lat' dir='ltr'>Velleius</span> <span class='ocrx_word' id='word_1_77' title='bbox 745 1285 863 1366; x_wconf 88' lang='lat' dir='ltr'>verbis,</span> <span class='ocrx_word' id='word_1_78' title='bbox 888 1307 975 1371; x_wconf 89' lang='lat' dir='ltr'>quae</span> <span class='ocrx_word' id='word_1_79' title='bbox 997 1287 1077 1352; x_wconf 83' lang='lat' dir='ltr'>facit</span> <span class='ocrx_word' id='word_1_80' title='bbox 1102 1289 1174 1367; x_wconf 89' lang='lat'>106,</span> <span class='ocrx_word' id='word_1_81' title='bbox 1193 1289 1227 1352; x_wconf 90' lang='lat'>3:</span> <span class='ocrx_word' id='word_1_82' title='bbox 1255 1289 1389 1353; x_wconf 64' lang='lat' dir='ltr'>«aaut</span> 
     </span>
     <span class='ocr_line' id='line_1_10' title="bbox 212 1394 1390 1480; baseline -0.004 -16"><span class='ocrx_word' id='word_1_83' title='bbox 212 1416 293 1480; x_wconf 80' lang='lat' dir='ltr'>quaa</span> <span class='ocrx_word' id='word_1_84' title='bbox 309 1394 427 1464; x_wconf 83' lang='lat' dir='ltr'>Ocauut&#39;</span> <span class='ocrx_word' id='word_1_85' title='bbox 444 1395 769 1478; x_wconf 60' lang='lat' dir='ltr'>oucuruuaorpaoerat</span> <span class='ocrx_word' id='word_1_86' title='bbox 782 1397 882 1474; x_wconf 80' lang='lat' dir='ltr'>riuus,</span> <span class='ocrx_word' id='word_1_87' title='bbox 904 1396 943 1461; x_wconf 83' lang='lat' dir='ltr'>ab</span> <span class='ocrx_word' id='word_1_88' title='bbox 958 1397 1105 1462; x_wconf 74' lang='lat' dir='ltr'>inaudito</span> <span class='ocrx_word' id='word_1_89' title='bbox 1121 1401 1214 1478; x_wconf 82' lang='lat' dir='ltr'>atque</span> <span class='ocrx_word' id='word_1_90' title='bbox 1231 1395 1390 1478; x_wconf 71' lang='lat' dir='ltr'>incognito</span> 
     </span>
     <span class='ocr_line' id='line_1_11' title="bbox 213 1501 1389 1584; baseline -0.003 -16"><span class='ocrx_word' id='word_1_91' title='bbox 213 1507 286 1568; x_wconf 76' lang='lat' dir='ltr'>auda</span> <span class='ocrx_word' id='word_1_92' title='bbox 319 1502 405 1568; x_wconf 78' lang='lat' dir='ltr'>mari</span> <span class='ocrx_word' id='word_1_93' title='bbox 429 1501 564 1582; x_wconf 76' lang='lat' dir='ltr'>flumina</span> <span class='ocrx_word' id='word_1_94' title='bbox 587 1501 664 1566; x_wconf 72' lang='lat' dir='ltr'>Atti</span> <span class='ocrx_word' id='word_1_95' title='bbox 689 1501 835 1567; x_wconf 79' lang='lat' dir='ltr'>subvecta</span> <span class='ocrx_word' id='word_1_96' title='bbox 859 1555 866 1568; x_wconf 94' lang='lat'><em>.</em></span> <span class='ocrx_word' id='word_1_97' title='bbox 893 1553 900 1567; x_wconf 90' lang='lat'><strong>.</strong></span> <span class='ocrx_word' id='word_1_98' title='bbox 925 1550 933 1565; x_wconf 88' lang='lat'><strong>.</strong></span> <span class='ocrx_word' id='word_1_99' title='bbox 958 1502 1110 1567; x_wconf 75' lang='lat' dir='ltr'>aaucttui</span> <span class='ocrx_word' id='word_1_100' title='bbox 1133 1502 1322 1584; x_wconf 61' lang='lat' dir='ltr'>Caesarique</span> <span class='ocrx_word' id='word_1_101' title='bbox 1354 1521 1389 1565; x_wconf 83' lang='lat' dir='ltr'>aa</span> 
     </span>
     <span class='ocr_line' id='line_1_12' title="bbox 212 1605 1388 1692; baseline -0.003 -18"><span class='ocrx_word' id='word_1_102' title='bbox 212 1607 350 1674; x_wconf 72' lang='lat' dir='ltr'>unctu».</span> <span class='ocrx_word' id='word_1_103' title='bbox 399 1605 486 1672; x_wconf 90' lang='lat' dir='ltr'>Nam</span> <span class='ocrx_word' id='word_1_104' title='bbox 515 1625 607 1672; x_wconf 89' lang='lat' dir='ltr'>mare</span> <span class='ocrx_word' id='word_1_105' title='bbox 628 1605 885 1692; x_wconf 83' lang='lat' dir='ltr'>septentrionale</span> <span class='ocrx_word' id='word_1_106' title='bbox 906 1626 976 1671; x_wconf 90' lang='lat' dir='ltr'>non</span> <span class='ocrx_word' id='word_1_107' title='bbox 998 1605 1209 1691; x_wconf 86' lang='lat' dir='ltr'>incognitum</span> <span class='ocrx_word' id='word_1_108' title='bbox 1223 1605 1388 1671; x_wconf 84' lang='lat' dir='ltr'>Romanis</span> 
     </span>
     <span class='ocr_line' id='line_1_13' title="bbox 214 1710 1388 1797; baseline -0.002 -19"><span class='ocrx_word' id='word_1_109' title='bbox 214 1710 318 1779; x_wconf 85' lang='lat' dir='ltr'>luisse</span> <span class='ocrx_word' id='word_1_110' title='bbox 341 1715 440 1778; x_wconf 90' lang='lat' dir='ltr'>testes</span> <span class='ocrx_word' id='word_1_111' title='bbox 464 1717 545 1777; x_wconf 92' lang='lat' dir='ltr'>sunt</span> <span class='ocrx_word' id='word_1_112' title='bbox 567 1710 746 1778; x_wconf 83' lang='lat' dir='ltr'>Suetonius</span> <span class='ocrx_word' id='word_1_113' title='bbox 769 1717 803 1778; x_wconf 85' lang='lat' dir='ltr'>et</span> <span class='ocrx_word' id='word_1_114' title='bbox 816 1711 890 1791; x_wconf 94' lang='lat' dir='ltr'>Dio,</span> <span class='ocrx_word' id='word_1_115' title='bbox 914 1732 1057 1797; x_wconf 89' lang='lat' dir='ltr'>quorum</span> <span class='ocrx_word' id='word_1_116' title='bbox 1082 1717 1222 1797; x_wconf 90' lang='lat' dir='ltr'>uterque</span> <span class='ocrx_word' id='word_1_117' title='bbox 1236 1711 1388 1777; x_wconf 87' lang='lat' dir='ltr'>Drusum</span> 
     </span>
     <span class='ocr_line' id='line_1_14' title="bbox 213 1815 1385 1904; baseline -0.003 -19"><span class='ocrx_word' id='word_1_118' title='bbox 213 1838 302 1886; x_wconf 87' lang='lat' dir='ltr'>anno</span> <span class='ocrx_word' id='word_1_119' title='bbox 322 1818 362 1884; x_wconf 80' lang='lat'>12</span> <span class='ocrx_word' id='word_1_120' title='bbox 380 1837 409 1884; x_wconf 91' lang='lat' dir='ltr'>a.</span> <span class='ocrx_word' id='word_1_121' title='bbox 433 1815 510 1884; x_wconf 85' lang='lat' dir='ltr'>Ghr.</span> <span class='ocrx_word' id='word_1_122' title='bbox 532 1838 565 1882; x_wconf 85' lang='lat' dir='ltr'>n.</span> <span class='ocrx_word' id='word_1_123' title='bbox 585 1817 650 1883; x_wconf 90' lang='lat' dir='ltr'>hoc</span> <span class='ocrx_word' id='word_1_124' title='bbox 671 1837 763 1884; x_wconf 90' lang='lat' dir='ltr'>mare</span> <span class='ocrx_word' id='word_1_125' title='bbox 783 1817 958 1904; x_wconf 80' lang='lat' dir='ltr'>navigasse</span> <span class='ocrx_word' id='word_1_126' title='bbox 973 1817 1089 1897; x_wconf 88' lang='lat' dir='ltr'>tradit;</span> <span class='ocrx_word' id='word_1_127' title='bbox 1115 1817 1157 1884; x_wconf 85' lang='grc'>51.</span> <span class='ocrx_word' id='word_1_128' title='bbox 1175 1817 1241 1882; x_wconf 91' lang='lat' dir='ltr'>Dio</span> <span class='ocrx_word' id='word_1_129' title='bbox 1256 1819 1309 1897; x_wconf 89' lang='grc'>54,</span> <span class='ocrx_word' id='word_1_130' title='bbox 1327 1819 1385 1896; x_wconf 80' lang='grc'>32;</span> 
     </span>
     <span class='ocr_line' id='line_1_15' title="bbox 213 1921 1388 2009; baseline -0.003 -18"><span class='ocrx_word' id='word_1_131' title='bbox 213 1922 303 1991; x_wconf 82' lang='lat' dir='ltr'>Suet.</span> <span class='ocrx_word' id='word_1_132' title='bbox 329 1921 445 1989; x_wconf 86' lang='lat' dir='ltr'>Olaud.</span> <span class='ocrx_word' id='word_1_133' title='bbox 473 1926 500 1988; x_wconf 90' lang='lat'>1.</span> <span class='ocrx_word' id='word_1_134' title='bbox 557 1921 628 2009; x_wconf 87' lang='lat' dir='ltr'>Age</span> <span class='ocrx_word' id='word_1_135' title='bbox 658 1922 905 1989; x_wconf 83' lang='lat' dir='ltr'>consideremus</span> <span class='ocrx_word' id='word_1_136' title='bbox 937 1923 1019 2009; x_wconf 90' lang='lat' dir='ltr'>quid</span> <span class='ocrx_word' id='word_1_137' title='bbox 1052 1922 1094 1988; x_wconf 91' lang='lat' dir='ltr'>de</span> <span class='ocrx_word' id='word_1_138' title='bbox 1127 1923 1180 1988; x_wconf 86' lang='lat' dir='ltr'>his</span> <span class='ocrx_word' id='word_1_139' title='bbox 1211 1922 1312 1990; x_wconf 88' lang='lat' dir='ltr'>rebus</span> <span class='ocrx_word' id='word_1_140' title='bbox 1345 1922 1388 1988; x_wconf 87' lang='lat' dir='ltr'>sit</span> 
     </span>
     <span class='ocr_line' id='line_1_16' title="bbox 213 2027 484 2097; baseline -0.011 0"><span class='ocrx_word' id='word_1_141' title='bbox 213 2027 484 2097; x_wconf 85' lang='lat' dir='ltr'>existimandum.</span> 
     </span>
    </p>

    <p class='ocr_par' dir='ltr' id='par_1_3' title="bbox 214 2134 1387 2433">
     <span class='ocr_line' id='line_1_17' title="bbox 303 2134 1387 2221; baseline -0.002 -19"><span class='ocrx_word' id='word_1_142' title='bbox 303 2135 415 2221; x_wconf 84' lang='lat' dir='ltr'>Atque</span> <span class='ocrx_word' id='word_1_143' title='bbox 459 2134 630 2200; x_wconf 83' lang='lat' dir='ltr'>Tiberium</span> <span class='ocrx_word' id='word_1_144' title='bbox 676 2139 801 2202; x_wconf 83' lang='lat' dir='ltr'>aestate</span> <span class='ocrx_word' id='word_1_145' title='bbox 846 2135 929 2200; x_wconf 90' lang='lat' dir='ltr'>anui</span> <span class='ocrx_word' id='word_1_146' title='bbox 972 2135 995 2200; x_wconf 85' lang='lat'>4</span> <span class='ocrx_word' id='word_1_147' title='bbox 1038 2134 1210 2220; x_wconf 82' lang='lat' dir='ltr'>Visurgim</span> <span class='ocrx_word' id='word_1_148' title='bbox 1260 2135 1387 2200; x_wconf 88' lang='lat' dir='ltr'>flumen</span> 
     </span>
     <span class='ocr_line' id='line_1_18' title="bbox 214 2239 1386 2328; baseline -0.003 -19"><span class='ocrx_word' id='word_1_149' title='bbox 214 2248 457 2328; x_wconf 84' lang='lat' dir='ltr'>transgressum</span> <span class='ocrx_word' id='word_1_150' title='bbox 492 2261 563 2308; x_wconf 89' lang='lat' dir='ltr'>esse</span> <span class='ocrx_word' id='word_1_151' title='bbox 596 2239 773 2308; x_wconf 89' lang='lat' dir='ltr'>verisimile</span> <span class='ocrx_word' id='word_1_152' title='bbox 811 2247 870 2321; x_wconf 87' lang='lat' dir='ltr'>est,</span> <span class='ocrx_word' id='word_1_153' title='bbox 907 2261 987 2306; x_wconf 86' lang='lat' dir='ltr'>oum</span> <span class='ocrx_word' id='word_1_154' title='bbox 1018 2241 1129 2307; x_wconf 86' lang='lat' dir='ltr'>hieme</span> <span class='ocrx_word' id='word_1_155' title='bbox 1163 2263 1192 2306; x_wconf 87' lang='lat' dir='ltr'>a</span> <span class='ocrx_word' id='word_1_156' title='bbox 1223 2243 1312 2307; x_wconf 84' lang='lat'>4-5</span> <span class='ocrx_word' id='word_1_157' title='bbox 1340 2240 1386 2306; x_wconf 95' lang='lat' dir='ltr'>hi·</span> 
     </span>
     <span class='ocr_line' id='line_1_19' title="bbox 215 2343 1386 2433; baseline -0.004 -17"><span class='ocrx_word' id='word_1_158' title='bbox 215 2349 318 2416; x_wconf 87' lang='lat' dir='ltr'>berna</span> <span class='ocrx_word' id='word_1_159' title='bbox 349 2348 465 2416; x_wconf 86' lang='lat' dir='ltr'>locarit</span> <span class='ocrx_word' id='word_1_160' title='bbox 501 2349 564 2413; x_wconf 81' lang='lat' dir='ltr'>«ad</span> <span class='ocrx_word' id='word_1_161' title='bbox 593 2355 688 2430; x_wconf 75' lang='lat' dir='ltr'>caput</span> <span class='ocrx_word' id='word_1_162' title='bbox 714 2349 840 2431; x_wconf 74' lang='lat' dir='ltr'>Lupiae</span> <span class='ocrx_word' id='word_1_163' title='bbox 859 2349 1023 2428; x_wconf 76' lang='lat' dir='ltr'>staminis»</span> <span class='ocrx_word' id='word_1_164' title='bbox 1062 2346 1218 2433; x_wconf 74' lang='grc'>11751111,</span> <span class='ocrx_word' id='word_1_165' title='bbox 1245 2349 1319 2426; x_wconf 87' lang='grc'>105,</span> <span class='ocrx_word' id='word_1_166' title='bbox 1345 2343 1386 2432; x_wconf 88' lang='grc'>3).</span> 
     </span>
    </p>
   </div>
   <div class='ocr_carea' id='block_1_3' title="bbox 216 2453 1527 2539">
    <p class='ocr_par' dir='ltr' id='par_1_4' title="bbox 216 2453 1527 2539">
     <span class='ocr_line' id='line_1_20' title="bbox 216 2453 1527 2539; baseline -0.005 -17"><span class='ocrx_word' id='word_1_167' title='bbox 216 2453 281 2522; x_wconf 82' lang='lat' dir='ltr'>Sed</span> <span class='ocrx_word' id='word_1_168' title='bbox 311 2454 376 2521; x_wconf 90' lang='lat' dir='ltr'>boc</span> <span class='ocrx_word' id='word_1_169' title='bbox 409 2453 539 2522; x_wconf 86' lang='lat' dir='ltr'>levioris</span> <span class='ocrx_word' id='word_1_170' title='bbox 568 2453 731 2520; x_wconf 88' lang='lat' dir='ltr'>momenti</span> <span class='ocrx_word' id='word_1_171' title='bbox 755 2459 816 2518; x_wconf 89' lang='lat' dir='ltr'>est:</span> <span class='ocrx_word' id='word_1_172' title='bbox 852 2453 1008 2519; x_wconf 90' lang='lat' dir='ltr'>universa</span> <span class='ocrx_word' id='word_1_173' title='bbox 1036 2453 1211 2539; x_wconf 84' lang='lat' dir='ltr'>descriptio</span> <span class='ocrx_word' id='word_1_174' title='bbox 1233 2473 1345 2518; x_wconf 89' lang='lat' dir='ltr'>rerum</span> <span class='ocrx_word' id='word_1_175' title='bbox 1369 2471 1389 2516; x_wconf 92' lang='lat' dir='ltr'>a</span> <span class='ocrx_word' id='word_1_176' title='bbox 1526 2469 1527 2472; x_wconf 68' lang='grc'>’</span> 
     </span>
    </p>
   </div>
   <div class='ocr_carea' id='block_1_4' title="bbox 214 2557 1392 4449">
    <p class='ocr_par' dir='ltr' id='par_1_5' title="bbox 214 2557 1392 4449">
     <span class='ocr_line' id='line_1_21' title="bbox 215 2557 1389 2644; baseline -0.002 -18"><span class='ocrx_word' id='word_1_177' title='bbox 215 2559 346 2627; x_wconf 82' lang='lat' dir='ltr'>&#39;liberio</span> <span class='ocrx_word' id='word_1_178' title='bbox 375 2559 473 2626; x_wconf 87' lang='lat' dir='ltr'>annis</span> <span class='ocrx_word' id='word_1_179' title='bbox 495 2560 584 2625; x_wconf 86' lang='grc'>4-5</span> <span class='ocrx_word' id='word_1_180' title='bbox 617 2560 653 2624; x_wconf 87' lang='grc'>15</span> <span class='ocrx_word' id='word_1_181' title='bbox 682 2558 862 2626; x_wconf 90' lang='lat' dir='ltr'>Germania</span> <span class='ocrx_word' id='word_1_182' title='bbox 893 2564 1076 2644; x_wconf 88' lang='lat' dir='ltr'>gestarum,</span> <span class='ocrx_word' id='word_1_183' title='bbox 1109 2579 1212 2644; x_wconf 92' lang='lat' dir='ltr'>quam</span> <span class='ocrx_word' id='word_1_184' title='bbox 1239 2557 1389 2624; x_wconf 90' lang='lat' dir='ltr'>Velleius</span> 
     </span>
     <span class='ocr_line' id='line_1_22' title="bbox 215 2663 1391 2752; baseline -0.003 -19"><span class='ocrx_word' id='word_1_185' title='bbox 215 2666 368 2746; x_wconf 81' lang='lat' dir='ltr'>instituit,</span> <span class='ocrx_word' id='word_1_186' title='bbox 392 2665 608 2752; x_wconf 82' lang='lat' dir='ltr'>praeferenda</span> <span class='ocrx_word' id='word_1_187' title='bbox 631 2670 680 2731; x_wconf 89' lang='lat' dir='ltr'>ast</span> <span class='ocrx_word' id='word_1_188' title='bbox 701 2664 819 2732; x_wconf 87' lang='lat' dir='ltr'>Dionis</span> <span class='ocrx_word' id='word_1_189' title='bbox 842 2665 1033 2730; x_wconf 86' lang='lat' dir='ltr'>narrationi.</span> <span class='ocrx_word' id='word_1_190' title='bbox 1087 2664 1176 2729; x_wconf 91' lang='lat' dir='ltr'>Nam</span> <span class='ocrx_word' id='word_1_191' title='bbox 1198 2663 1297 2744; x_wconf 89' lang='lat' dir='ltr'>illius,</span> <span class='ocrx_word' id='word_1_192' title='bbox 1331 2665 1391 2750; x_wconf 91' lang='lat' dir='ltr'>qui</span> 
     </span>
     <span class='ocr_line' id='line_1_23' title="bbox 216 2769 1388 2860; baseline -0.005 -20"><span class='ocrx_word' id='word_1_193' title='bbox 216 2777 380 2860; x_wconf 85' lang='lat' dir='ltr'>quantum</span> <span class='ocrx_word' id='word_1_194' title='bbox 405 2769 556 2840; x_wconf 86' lang='lat' dir='ltr'>Tiberius</span> <span class='ocrx_word' id='word_1_195' title='bbox 578 2770 752 2858; x_wconf 86' lang='lat' dir='ltr'>profecerit</span> <span class='ocrx_word' id='word_1_196' title='bbox 774 2776 807 2837; x_wconf 91' lang='lat' dir='ltr'>et</span> <span class='ocrx_word' id='word_1_197' title='bbox 829 2776 1034 2856; x_wconf 90' lang='lat' dir='ltr'>quantopere</span> <span class='ocrx_word' id='word_1_198' title='bbox 1054 2771 1298 2837; x_wconf 90' lang='lat' dir='ltr'>Germanorum</span> <span class='ocrx_word' id='word_1_199' title='bbox 1322 2769 1388 2836; x_wconf 88' lang='lat' dir='ltr'>ani·</span> 
     </span>
     <span class='ocr_line' id='line_1_24' title="bbox 216 2876 1392 2964; baseline -0.003 -19"><span class='ocrx_word' id='word_1_200' title='bbox 216 2898 288 2945; x_wconf 89' lang='lat' dir='ltr'>mos</span> <span class='ocrx_word' id='word_1_201' title='bbox 312 2876 517 2964; x_wconf 87' lang='lat' dir='ltr'>percusserit,</span> <span class='ocrx_word' id='word_1_202' title='bbox 550 2883 663 2944; x_wconf 88' lang='lat' dir='ltr'>narrat</span> <span class='ocrx_word' id='word_1_203' title='bbox 687 2879 871 2956; x_wconf 82' lang='lat' dir='ltr'>lot-107,</span> <span class='ocrx_word' id='word_1_204' title='bbox 897 2877 1073 2963; x_wconf 87' lang='lat' dir='ltr'>descriptio</span> <span class='ocrx_word' id='word_1_205' title='bbox 1099 2877 1199 2943; x_wconf 86' lang='lat' dir='ltr'>variis</span> <span class='ocrx_word' id='word_1_206' title='bbox 1230 2877 1392 2962; x_wconf 88' lang='lat' dir='ltr'>probatur</span> 
     </span>
     <span class='ocr_line' id='line_1_25' title="bbox 214 2980 1390 3070; baseline -0.003 -20"><span class='ocrx_word' id='word_1_207' title='bbox 214 2982 435 3069; x_wconf 79' lang='lat' dir='ltr'>argumentis3</span> <span class='ocrx_word' id='word_1_208' title='bbox 460 2982 561 3049; x_wconf 85' lang='lat' dir='ltr'>huius</span> <span class='ocrx_word' id='word_1_209' title='bbox 584 2982 698 3050; x_wconf 90' lang='lat' dir='ltr'>verba:</span> <span class='ocrx_word' id='word_1_210' title='bbox 728 2980 782 3050; x_wconf 75' lang='lat' dir='ltr'>«ab</span> <span class='ocrx_word' id='word_1_211' title='bbox 804 2988 904 3069; x_wconf 76' lang='grc' dir='ltr'>μέντοι</span> <span class='ocrx_word' id='word_1_212' title='bbox 919 2986 973 3048; x_wconf 82' lang='lat' dir='ltr'>ual</span> <span class='ocrx_word' id='word_1_213' title='bbox 989 2983 1258 3070; x_wconf 77' lang='grc' dir='ltr'><strong>ἀξιομνημόνεοτόν</strong></span> <span class='ocrx_word' id='word_1_214' title='bbox 1274 3006 1302 3048; x_wconf 85' lang='grc' dir='ltr'>τι</span> <span class='ocrx_word' id='word_1_215' title='bbox 1323 2988 1390 3047; x_wconf 82' lang='grc' dir='ltr'>τότε</span> 
     </span>
     <span class='ocr_line' id='line_1_26' title="bbox 216 3086 1391 3176; baseline -0.002 -21"><span class='ocrx_word' id='word_1_216' title='bbox 216 3111 250 3172; x_wconf 69' lang='grc' dir='ltr'>γε</span> <span class='ocrx_word' id='word_1_217' title='bbox 267 3086 436 3176; x_wconf 73' lang='grc' dir='ltr'><strong>ἐπράχθη»</strong></span> <span class='ocrx_word' id='word_1_218' title='bbox 463 3106 533 3154; x_wconf 86' lang='grc'>555</span> <span class='ocrx_word' id='word_1_219' title='bbox 547 3087 761 3154; x_wconf 88' lang='lat' dir='ltr'>consentiunt</span> <span class='ocrx_word' id='word_1_220' title='bbox 776 3109 854 3154; x_wconf 90' lang='lat' dir='ltr'>cum</span> <span class='ocrx_word' id='word_1_221' title='bbox 869 3088 977 3154; x_wconf 89' lang='lat' dir='ltr'>rebus.</span> <span class='ocrx_word' id='word_1_222' title='bbox 1020 3089 1109 3155; x_wconf 90' lang='lat' dir='ltr'>Nam</span> <span class='ocrx_word' id='word_1_223' title='bbox 1129 3089 1287 3156; x_wconf 88' lang='lat' dir='ltr'>Germani</span> <span class='ocrx_word' id='word_1_224' title='bbox 1300 3109 1391 3154; x_wconf 92' lang='lat' dir='ltr'>anno</span> 
     </span>
     <span class='ocr_line' id='line_1_27' title="bbox 215 3192 1389 3281; baseline -0.001 -20"><span class='ocrx_word' id='word_1_225' title='bbox 215 3195 236 3261; x_wconf 93' lang='grc'>5</span> <span class='ocrx_word' id='word_1_226' title='bbox 253 3193 299 3262; x_wconf 87' lang='lat' dir='ltr'>ita</span> <span class='ocrx_word' id='word_1_227' title='bbox 322 3199 417 3261; x_wconf 89' lang='lat' dir='ltr'>erant</span> <span class='ocrx_word' id='word_1_228' title='bbox 439 3194 557 3280; x_wconf 87' lang='lat' dir='ltr'>pacati,</span> <span class='ocrx_word' id='word_1_229' title='bbox 582 3199 621 3261; x_wconf 90' lang='lat' dir='ltr'>ut</span> <span class='ocrx_word' id='word_1_230' title='bbox 637 3214 755 3280; x_wconf 90' lang='lat' dir='ltr'>pacem</span> <span class='ocrx_word' id='word_1_231' title='bbox 773 3213 793 3259; x_wconf 90' lang='lat' dir='ltr'>a</span> <span class='ocrx_word' id='word_1_232' title='bbox 808 3193 970 3262; x_wconf 86' lang='lat' dir='ltr'>Romanis</span> <span class='ocrx_word' id='word_1_233' title='bbox 991 3200 1140 3280; x_wconf 90' lang='lat' dir='ltr'>peterent</span> <span class='ocrx_word' id='word_1_234' title='bbox 1163 3192 1307 3281; x_wconf 80' lang='grc'>(111555,</span> <span class='ocrx_word' id='word_1_235' title='bbox 1324 3192 1389 3281; x_wconf 83' lang='grc'><strong>28).</strong></span> 
     </span>
     <span class='ocr_line' id='line_1_28' title="bbox 217 3298 1390 3386; baseline -0.001 -20"><span class='ocrx_word' id='word_1_236' title='bbox 217 3299 391 3386; x_wconf 85' lang='lat' dir='ltr'>Augustus</span> <span class='ocrx_word' id='word_1_237' title='bbox 407 3304 520 3366; x_wconf 88' lang='lat' dir='ltr'>autem</span> <span class='ocrx_word' id='word_1_238' title='bbox 532 3304 666 3386; x_wconf 89' lang='lat' dir='ltr'>propter</span> <span class='ocrx_word' id='word_1_239' title='bbox 679 3319 731 3366; x_wconf 89' lang='lat' dir='ltr'>res</span> <span class='ocrx_word' id='word_1_240' title='bbox 747 3298 782 3364; x_wconf 92' lang='lat' dir='ltr'>in</span> <span class='ocrx_word' id='word_1_241' title='bbox 796 3299 975 3366; x_wconf 87' lang='lat' dir='ltr'>Germania</span> <span class='ocrx_word' id='word_1_242' title='bbox 986 3305 1095 3386; x_wconf 87' lang='lat' dir='ltr'>gestas</span> <span class='ocrx_word' id='word_1_243' title='bbox 1108 3300 1249 3366; x_wconf 83' lang='lat' dir='ltr'>summis</span> <span class='ocrx_word' id='word_1_244' title='bbox 1260 3301 1390 3365; x_wconf 89' lang='lat' dir='ltr'>honori-</span> 
     </span>
     <span class='ocr_line' id='line_1_29' title="bbox 218 3404 1390 3492; baseline 0.001 -22"><span class='ocrx_word' id='word_1_245' title='bbox 218 3404 282 3472; x_wconf 88' lang='lat' dir='ltr'>bus</span> <span class='ocrx_word' id='word_1_246' title='bbox 305 3404 401 3472; x_wconf 85' lang='lat' dir='ltr'>auxit</span> <span class='ocrx_word' id='word_1_247' title='bbox 423 3409 456 3471; x_wconf 87' lang='lat' dir='ltr'>et</span> <span class='ocrx_word' id='word_1_248' title='bbox 478 3423 513 3471; x_wconf 88' lang='lat' dir='ltr'>sa</span> <span class='ocrx_word' id='word_1_249' title='bbox 537 3411 570 3472; x_wconf 90' lang='lat' dir='ltr'>et</span> <span class='ocrx_word' id='word_1_250' title='bbox 585 3404 757 3472; x_wconf 80' lang='lat' dir='ltr'>&#39;liberium</span> <span class='ocrx_word' id='word_1_251' title='bbox 773 3411 806 3470; x_wconf 92' lang='lat' dir='ltr'>et</span> <span class='ocrx_word' id='word_1_252' title='bbox 822 3404 974 3472; x_wconf 82' lang='lat' dir='ltr'>Sentium</span> <span class='ocrx_word' id='word_1_253' title='bbox 999 3405 1220 3473; x_wconf 82' lang='lat' dir='ltr'>Satumiuum</span> <span class='ocrx_word' id='word_1_254' title='bbox 1242 3406 1390 3492; x_wconf 89' lang='lat' dir='ltr'>legatum</span> 
     </span>
     <span class='ocr_line' id='line_1_30' title="bbox 219 3506 1391 3599; baseline -0.001 -21"><span class='ocrx_word' id='word_1_255' title='bbox 219 3506 385 3597; x_wconf 78' lang='lat' dir='ltr'>(Diali).</span> <span class='ocrx_word' id='word_1_256' title='bbox 417 3509 589 3578; x_wconf 89' lang='lat' dir='ltr'>Praeterea</span> <span class='ocrx_word' id='word_1_257' title='bbox 605 3511 764 3578; x_wconf 88' lang='lat' dir='ltr'>Germani</span> <span class='ocrx_word' id='word_1_258' title='bbox 786 3517 862 3599; x_wconf 88' lang='lat' dir='ltr'>poet</span> <span class='ocrx_word' id='word_1_259' title='bbox 884 3511 1009 3578; x_wconf 91' lang='lat' dir='ltr'>bellum</span> <span class='ocrx_word' id='word_1_260' title='bbox 1027 3513 1124 3578; x_wconf 85' lang='lat' dir='ltr'>annis</span> <span class='ocrx_word' id='word_1_261' title='bbox 1147 3513 1236 3578; x_wconf 85' lang='grc'>4-5</span> <span class='ocrx_word' id='word_1_262' title='bbox 1258 3518 1391 3597; x_wconf 90' lang='lat' dir='ltr'>gestum</span> 
     </span>
     <span class='ocr_line' id='line_1_31' title="bbox 214 3614 1391 3703; baseline -0.001 -19"><span class='ocrx_word' id='word_1_263' title='bbox 214 3614 386 3684; x_wconf 77' lang='lat' dir='ltr'>Tiberium</span> <span class='ocrx_word' id='word_1_264' title='bbox 403 3636 574 3684; x_wconf 89' lang='lat' dir='ltr'>summum</span> <span class='ocrx_word' id='word_1_265' title='bbox 593 3637 663 3684; x_wconf 87' lang='grc'>5555</span> <span class='ocrx_word' id='word_1_266' title='bbox 680 3617 800 3684; x_wconf 88' lang='lat' dir='ltr'>ducem</span> <span class='ocrx_word' id='word_1_267' title='bbox 815 3617 998 3703; x_wconf 88' lang='lat' dir='ltr'>putabant;</span> <span class='ocrx_word' id='word_1_268' title='bbox 1024 3617 1114 3703; x_wconf 88' lang='lat' dir='ltr'>quod</span> <span class='ocrx_word' id='word_1_269' title='bbox 1130 3617 1334 3703; x_wconf 90' lang='lat' dir='ltr'>intellegitur</span> <span class='ocrx_word' id='word_1_270' title='bbox 1348 3638 1391 3683; x_wconf 88' lang='lat' dir='ltr'>ex</span> 
     </span>
     <span class='ocr_line' id='line_1_32' title="bbox 215 3721 1391 3809; baseline 0.002 -21"><span class='ocrx_word' id='word_1_271' title='bbox 215 3721 352 3804; x_wconf 87' lang='lat' dir='ltr'>ratione,</span> <span class='ocrx_word' id='word_1_272' title='bbox 377 3742 445 3808; x_wconf 92' lang='lat' dir='ltr'>qua</span> <span class='ocrx_word' id='word_1_273' title='bbox 460 3722 596 3790; x_wconf 80' lang='lat' dir='ltr'>Tacitus</span> <span class='ocrx_word' id='word_1_274' title='bbox 619 3743 697 3788; x_wconf 88' lang='lat' dir='ltr'>ann.</span> <span class='ocrx_word' id='word_1_275' title='bbox 714 3723 757 3803; x_wconf 92' lang='grc' dir='ltr'>Π,</span> <span class='ocrx_word' id='word_1_276' title='bbox 781 3725 824 3790; x_wconf 87' lang='grc'>46</span> <span class='ocrx_word' id='word_1_277' title='bbox 837 3721 1085 3789; x_wconf 89' lang='lat' dir='ltr'>Maroboduum</span> <span class='ocrx_word' id='word_1_278' title='bbox 1104 3723 1296 3809; x_wconf 88' lang='lat' dir='ltr'>loquentem</span> <span class='ocrx_word' id='word_1_279' title='bbox 1312 3725 1391 3790; x_wconf 86' lang='lat' dir='ltr'>facit</span> 
     </span>
     <span class='ocr_line' id='line_1_33' title="bbox 216 3825 1391 3914; baseline 0.001 -20"><span class='ocrx_word' id='word_1_280' title='bbox 216 3825 414 3894; x_wconf 78' lang='lat' dir='ltr'>deutherio:</span> <span class='ocrx_word' id='word_1_281' title='bbox 443 3850 493 3896; x_wconf 72' lang='lat' dir='ltr'>ree</span> <span class='ocrx_word' id='word_1_282' title='bbox 516 3830 597 3914; x_wconf 81' lang='lat' dir='ltr'>(scit.</span> <span class='ocrx_word' id='word_1_283' title='bbox 611 3831 862 3914; x_wconf 76' lang='lat' dir='ltr'>Maroboduum)</span> <span class='ocrx_word' id='word_1_284' title='bbox 886 3832 1049 3899; x_wconf 77' lang='lat' dir='ltr'>duodecim</span> <span class='ocrx_word' id='word_1_285' title='bbox 1071 3831 1243 3914; x_wconf 70' lang='lat' dir='ltr'>legionibus</span> <span class='ocrx_word' id='word_1_286' title='bbox 1252 3832 1391 3912; x_wconf 75' lang='lat' dir='ltr'>petitum</span> 
     </span>
     <span class='ocr_line' id='line_1_34' title="bbox 216 3933 1390 4023; baseline 0 -23"><span class='ocrx_word' id='word_1_287' title='bbox 216 3933 293 4000; x_wconf 83' lang='lat' dir='ltr'>duce</span> <span class='ocrx_word' id='word_1_288' title='bbox 320 3935 443 4002; x_wconf 78' lang='lat' dir='ltr'>Tiberio</span> <span class='ocrx_word' id='word_1_289' title='bbox 464 3936 639 4004; x_wconf 72' lang='lat' dir='ltr'>tolutatura</span> <span class='ocrx_word' id='word_1_290' title='bbox 664 3937 897 4005; x_wconf 78' lang='lat' dir='ltr'>Garutauorum</span> <span class='ocrx_word' id='word_1_291' title='bbox 918 3939 1054 4023; x_wconf 68' lang='lat' dir='ltr'>glottam</span> <span class='ocrx_word' id='word_1_292' title='bbox 1076 3938 1281 4003; x_wconf 74' lang='lat' dir='ltr'>curavisse».</span> <span class='ocrx_word' id='word_1_293' title='bbox 1327 3936 1390 4001; x_wconf 93' lang='lat' dir='ltr'>Ne-</span> 
     </span>
     <span class='ocr_line' id='line_1_35' title="bbox 216 4037 1392 4129; baseline 0.003 -26"><span class='ocrx_word' id='word_1_294' title='bbox 216 4057 281 4126; x_wconf 89' lang='lat' dir='ltr'>que</span> <span class='ocrx_word' id='word_1_295' title='bbox 312 4037 370 4105; x_wconf 90' lang='grc'>1115</span> <span class='ocrx_word' id='word_1_296' title='bbox 392 4039 509 4108; x_wconf 84' lang='grc'>1115515</span> <span class='ocrx_word' id='word_1_297' title='bbox 540 4041 641 4108; x_wconf 86' lang='lat' dir='ltr'>verba</span> <span class='ocrx_word' id='word_1_298' title='bbox 667 4041 814 4128; x_wconf 87' lang='lat' dir='ltr'>intellegi</span> <span class='ocrx_word' id='word_1_299' title='bbox 836 4048 978 4129; x_wconf 75' lang='lat' dir='ltr'>possunt</span> <span class='ocrx_word' id='word_1_300' title='bbox 1007 4040 1072 4108; x_wconf 89' lang='lat' dir='ltr'>nisi</span> <span class='ocrx_word' id='word_1_301' title='bbox 1098 4039 1155 4120; x_wconf 86' lang='lat' dir='ltr'>ita,</span> <span class='ocrx_word' id='word_1_302' title='bbox 1190 4044 1230 4106; x_wconf 88' lang='lat' dir='ltr'>ut</span> <span class='ocrx_word' id='word_1_303' title='bbox 1252 4041 1392 4127; x_wconf 89' lang='lat' dir='ltr'>scriptor</span> 
     </span>
     <span class='ocr_line' id='line_1_36' title="bbox 216 4143 1391 4235; baseline 0.001 -22"><span class='ocrx_word' id='word_1_304' title='bbox 216 4143 340 4213; x_wconf 81' lang='lat' dir='ltr'>&#39;liberii</span> <span class='ocrx_word' id='word_1_305' title='bbox 362 4165 413 4213; x_wconf 90' lang='lat' dir='ltr'>ras</span> <span class='ocrx_word' id='word_1_306' title='bbox 435 4152 545 4235; x_wconf 86' lang='lat' dir='ltr'>gestas</span> <span class='ocrx_word' id='word_1_307' title='bbox 568 4167 637 4214; x_wconf 89' lang='lat' dir='ltr'>non</span> <span class='ocrx_word' id='word_1_308' title='bbox 661 4146 780 4234; x_wconf 87' lang='lat' dir='ltr'>dignas</span> <span class='ocrx_word' id='word_1_309' title='bbox 803 4168 874 4216; x_wconf 87' lang='lat' dir='ltr'>essa</span> <span class='ocrx_word' id='word_1_310' title='bbox 897 4146 1070 4228; x_wconf 87' lang='lat' dir='ltr'>censuerit,</span> <span class='ocrx_word' id='word_1_311' title='bbox 1103 4164 1189 4232; x_wconf 89' lang='lat' dir='ltr'>quae</span> <span class='ocrx_word' id='word_1_312' title='bbox 1211 4148 1391 4214; x_wconf 90' lang='lat' dir='ltr'>memoriae</span> 
     </span>
     <span class='ocr_line' id='line_1_37' title="bbox 215 4250 1391 4341; baseline -0.001 -22"><span class='ocrx_word' id='word_1_313' title='bbox 215 4250 442 4340; x_wconf 88' lang='lat' dir='ltr'>proderentur,</span> <span class='ocrx_word' id='word_1_314' title='bbox 482 4255 562 4339; x_wconf 90' lang='lat' dir='ltr'>quia</span> <span class='ocrx_word' id='word_1_315' title='bbox 592 4275 702 4320; x_wconf 89' lang='lat' dir='ltr'>unum</span> <span class='ocrx_word' id='word_1_316' title='bbox 733 4253 834 4321; x_wconf 90' lang='lat' dir='ltr'>modo</span> <span class='ocrx_word' id='word_1_317' title='bbox 860 4253 1023 4341; x_wconf 90' lang='lat' dir='ltr'>praelium</span> <span class='ocrx_word' id='word_1_318' title='bbox 1046 4255 1074 4320; x_wconf 88' lang='lat' dir='ltr'>is</span> <span class='ocrx_word' id='word_1_319' title='bbox 1097 4251 1272 4320; x_wconf 91' lang='lat' dir='ltr'>commisit.</span> <span class='ocrx_word' id='word_1_320' title='bbox 1324 4251 1391 4318; x_wconf 78' lang='lat' dir='ltr'>Sed</span> 
     </span>
     <span class='ocr_line' id='line_1_38' title="bbox 216 4357 1391 4449; baseline -0.002 -23"><span class='ocrx_word' id='word_1_321' title='bbox 216 4359 280 4427; x_wconf 86' lang='lat' dir='ltr'>hac</span> <span class='ocrx_word' id='word_1_322' title='bbox 303 4360 376 4448; x_wconf 90' lang='lat' dir='ltr'>ipsa</span> <span class='ocrx_word' id='word_1_323' title='bbox 399 4380 441 4428; x_wconf 88' lang='lat' dir='ltr'>ex</span> <span class='ocrx_word' id='word_1_324' title='bbox 463 4381 499 4428; x_wconf 90' lang='lat' dir='ltr'>re</span> <span class='ocrx_word' id='word_1_325' title='bbox 514 4361 620 4428; x_wconf 88' lang='lat' dir='ltr'>virtus</span> <span class='ocrx_word' id='word_1_326' title='bbox 639 4360 850 4449; x_wconf 88' lang='lat' dir='ltr'>cognoscitur</span> <span class='ocrx_word' id='word_1_327' title='bbox 863 4359 987 4427; x_wconf 77' lang='lat' dir='ltr'>Tiberii</span> <span class='ocrx_word' id='word_1_328' title='bbox 1003 4359 1113 4440; x_wconf 75' lang='lat' dir='ltr'>ducis,</span> <span class='ocrx_word' id='word_1_329' title='bbox 1149 4357 1273 4426; x_wconf 88' lang='lat' dir='ltr'>etenim</span> <span class='ocrx_word' id='word_1_330' title='bbox 1288 4357 1391 4424; x_wconf 89' lang='lat' dir='ltr'>semel</span> 
     </span>
    </p>
   </div>
   <div class='ocr_carea' id='block_1_5' title="bbox 0 0 1550 5044">
    <p class='ocr_par' dir='ltr' id='par_1_6' title="bbox 0 0 1550 5044">
     <span class='ocr_line' id='line_1_39' title="bbox 0 0 1550 5044; baseline 0 0"><span class='ocrx_word' id='word_1_331' title='bbox 0 0 1550 5044; x_wconf 95' lang='lat' dir='ltr'> </span> 
     </span>
    </p>
   </div>
  </div>
 </body>
</html>
