3084 5050
720 375 941 438 ..36-

335 566 466 645 Quibus
489 567 586 632 aunis
610 587 694 653 quas
717 566 870 632 Tiberius
894 565 1034 652 gesserit
1058 585 1124 645 ree,
1151 564 1217 629 Dio
1241 561 1416 628 brevissime

245 673 401 739 describit
424 675 476 752 57,
501 674 648 751 22-24;
673 672 774 758 paulo
790 679 903 737 autem
916 671 1026 737 fusius
1044 691 1104 735 eas
1128 669 1276 756 explicat
1298 667 1416 732 Tacitus

245 801 323 846 ann.
352 779 411 858 IV,
444 781 562 845 7-56.
619 783 765 865 Uterque
799 777 884 843 nihil
915 779 1070 863 increpat
1104 777 1173 841 nisi
1210 773 1416 841 insatiabilem

244 885 367 951 Tiberii
383 885 620 952 crudelitatem.
646 884 745 962 Quod
762 885 903 950 diritatis
920 883 1047 948 crimen
1065 881 1198 948 falsum
1211 879 1416 962 esselongum

245 999 294 1057 est
310 992 421 1058 denuo
436 971 600 1058 illustrare
616 991 765 1077 singulis
789 1011 875 1076 quas
891 990 1026 1056 Tacitus
1044 996 1153 1074 atque
1169 989 1236 1054 Dio
1256 983 1417 1051 memoriae

244 1096 469 1184 prodiderunt,
494 1097 593 1162 rebus
617 1097 829 1175 examinatis;
863 1095 985 1162 etenim
1017 1096 1101 1161 satis
1134 1096 1225 1160 bene
1249 1093 1290 1157 de
1312 1091 1417 1155 haere

245 1204 399 1270 disseruit
430 1203 558 1269 Sievers
587 1226 618 1289 p.
654 1205 795 1269 33-47.
843 1203 909 1281 Qui
944 1201 1184 1288 comprobavit
1217 1213 1417 1284 nequaquam

244 1308 414 1376 Tiberium
446 1309 617 1374 hominem
642 1307 744 1373 fuisse
766 1315 836 1373 tam
860 1309 950 1375 saevi
973 1309 1111 1395 ingenii,
1150 1307 1289 1393 qualem
1319 1299 1416 1386 depin-

243 1422 334 1506 geret
360 1414 505 1494 Tacitus,
531 1434 639 1499 neque
662 1413 849 1499 quidquam
873 1414 1004 1481 crimini
1032 1414 1062 1478 ei
1087 1435 1164 1480 esse
1189 1411 1342 1478 dandum
1363 1403 1418 1470 nisi

245 1522 495 1586 damnationem
519 1519 668 1586 Cremuti
691 1519 807 1600 Cordi;
833 1521 873 1586 cf.
898 1521 976 1587 Tac.
993 1542 1071 1585 ann.
1099 1521 1164 1600 IV,
1192 1517 1340 1593 34-35;
1363 1511 1417 1576 Dio

245 1631 297 1707 57,
316 1629 367 1692 24.
399 1626 564 1712 Equidem
583 1629 798 1693 Karstenium
818 1635 951 1693 secutus
974 1626 1016 1714 (p.
1034 1625 1089 1714 48)
1114 1649 1161 1693 ne
1185 1628 1278 1692 hanc
1293 1617 1416 1708 quidem

245 1733 495 1798 damnationem
529 1733 660 1798 Tiberio
692 1734 823 1798 crimini
859 1734 945 1799 dem.
993 1734 1111 1819 Neque
1147 1734 1242 1799 enirn
1279 1724 1417 1794 Tiberius

245 1839 391 1906 Cordum
416 1839 589 1906 damnavit
603 1860 712 1924 nequo
729 1846 891 1920 senatum,
916 1846 955 1905 ut
970 1861 1047 1904 eum
1064 1839 1321 1913 condemnaret,
1343 1848 1417 1896 com·

244 1947 364 2024 movit;
389 1944 479 2031 quod
504 1945 532 2010 si
548 1945 675 2010 facturn
699 1954 792 2025 esset,
819 1953 904 2012 certe
928 1951 987 2010 aut
1009 1946 1148 2011 Tacitus
1174 1951 1238 2012 551
1254 1942 1317 2010 Dio
1340 1954 1417 2002 com·

245 2058 470 2131 memorasset,
488 2073 631 2136 quorum
648 2058 787 2137 uterque
802 2052 934 2118 Tiberio
950 2073 984 2116 sc
999 2051 1137 2137 praebet
1157 2046 1416 2118 infestissimum.

243 2159 360 2243 Neque
383 2157 580 2243 reprehendi
603 2164 711 2242 potest
727 2157 879 2224 Tiberius
903 2159 939 2222 iu
962 2180 1009 2236 5ο,
1035 2157 1125 2242 quod
1152 2155 1291 2224 senatui
1313 2153 1417 2216 auctor

243 2285 313 2328 non
337 2263 408 2342 fuit,
434 2270 472 2328 ut
495 2263 678 2328 absolveret
695 2261 856 2342 Cordum;
882 2285 960 2328 nam
985 2263 1040 2328 hic
1056 2264 1178 2330 Seiano
1197 2257 1417 2328 maledixerat,
1511 2251 1512 2260 ’

243 2369 373 2435 homini
396 2369 528 2433 Tiberio
551 2368 763 2434 amicissimo,
798 2368 936 2434 Accedit
958 2369 1049 2455 quod
1073 2390 1237 2455 oppressa
1262 2354 1419 2432 scribendi
1512 2425 1513 2434 ,

242 2475 393 2541 libertate
417 2475 479 2540 sub
504 2475 656 2559 Augusto
680 2473 768 2561 (Tac.
794 2495 870 2540 ann.
896 2476 922 2554 1,
948 2478 1007 2554 72;
1032 2475 1124 2540 Suet.
1143 2476 1253 2561 Oalig.
1285 2471 1339 2548 16;
1363 2463 1419 2530 Dio

243 2584 295 2660 56,
322 2579 376 2666 27)
399 2587 431 2645 51
454 2581 621 2646 scribendi
644 2588 677 2645 et
699 2581 832 2646 dicendi
855 2589 924 2646 orat
943 2581 1076 2647 libertas
1100 2583 1164 2646 sub
1190 2581 1343 2658 Tiberio;
1380 2571 1416 2638 cf·
1513 2605 1514 2610 ¹

242 2688 319 2752 Tac.
341 2707 418 2752 ann.
435 2688 461 2766 Ι,
480 2690 536 2766 74;
561 2687 603 2767 ΙΙ,
622 2690 683 2767 50;
708 2689 766 2767 ΙΠ,
786 2691 843 2768 70;
866 2689 929 2754 Dio
946 2692 998 2768 57,
1020 2692 1056 2767 9;
1081 2689 1169 2754 Suet.
1189 2690 1267 2756 Tib.
1293 2689 1345 2752 28.
1364 2683 1417 2755 59;

243 2793 278 2858 Ο.
297 2793 498 2870 Cominium,
516 2793 661 2879 equitem
685 2794 889 2874 Romanum,
917 2797 1137 2877 «probrosior
1163 2797 1331 2862 Tiberiana
1355 2809 1418 2854 cor-

242 2902 339 2964 51515
363 2902 553 2965 conciatura»
580 2900 732 2966 Tiberius
755 2923 864 2986 poena
887 2901 1039 2968 liberavit
1061 2901 1149 2987 (Tac.
1175 2923 1256 2967 ann.
1283 2898 1343 2974 IV,
1368 2887 1418 2972 311

242 3025 351 3090 neque
362 3005 519 3070 iniuriam
531 3007 645 3072 intulit
659 3007 709 3087 iis,
728 3009 787 3092 qui
803 3008 942 3073 studiosi
958 3014 1053 3073 erant
1068 3008 1284 3094 reipublicae
1300 3006 1419 3070 liberae

243 3110 294 3194 (cf.
319 3112 396 3176 Tac.
423 3132 501 3176 ann.
527 3113 586 3191 Ill,
613 3111 674 3198 76).
723 3112 887 3192 Ceterum,
919 3114 1088 3199 quomodo
1111 3114 1248 3180 Tacitus
1273 3134 1326 3180 res
1351 3125 1419 3173 nar·

242 3217 371 3296 raverit,
404 3224 443 3283 ut
475 3217 647 3285 saevitiam
670 3218 792 3284 Tiberii
816 3220 1010 3301 ostenderet,
1046 3220 1152 3285 facere
1175 3242 1245 3285 555
1269 3233 1417 3306 possum,

243 3322 329 3407 quin
351 3324 466 3408 paucis
490 3322 650 3410 exemplis
673 3324 782 3390 allatis
804 3325 976 3391 illustrem.
1051 3355 1054 3360 ·

242 3449 320 3492 ann.
346 3429 370 3507 Ι,
397 3431 438 3494 73
466 3431 635 3496 Tiberium
662 3431 816 3518 obiurgat
831 3432 872 3497 de
888 3433 1082 3498 criminibus
1098 3433 1206 3499 laesae
1224 3426 1416 3499 maiestatis.

349 3535 599 3602 Nihilominus
633 3539 691 3618 ΙΙΙ,
722 3540 765 3603 24
800 3545 832 3604 51
860 3541 901 3606 28
925 3539 1118 3626 Augustum
1157 3544 1300 3623 crabrone
1335 3540 1419 3603 irater

349 3645 434 3708 viros
465 3665 502 3708 oa
531 3645 669 3725 saracinos
700 3646 858 3727 55195155
886 3648 980 3727 provi
1008 3648 1133 3711 5551155
1161 3641 1417 3713 1555555555ῑὶ-

347 3752 476 3831 qioaam
506 3771 543 3816 ac
574 3750 707 3816 oiolctae
740 3752 915 3816 maiestatis
937 3753 1143 3833 appellando»
1171 3760 1202 3818 ot
1226 3753 1340 3838 legum
1364 3767 1415 3814 011·

348 3854 458 3919 stodes
481 3856 636 3940 praemiis
658 3857 850 3923 inducendo
879 3865 1048 3924 auctorem
1080 3859 1182 3925 fuisse
1209 3859 1416 3925 delationum

347 3962 526 4025 memoriae
556 3962 709 4046 prodidit,
743 3964 912 4030 Tiberium
948 3973 1060 4031 autem
1091 3966 1204 4051 legum
1237 3966 1413 4032 duritatem

347 4064 483 4132 levasse.
531 4067 703 4133 Praeterea
734 4069 826 4133 hunc
849 4070 1011 4137 delatores
1034 4092 1137 4155 quam
1161 4074 1306 4138 maxime
1330 4087 1413 4137 coar·

348 4169 455 4236 551555
478 4174 571 4238 testis
596 4181 645 4240 est
668 4175 896 4261 compluribus
919 4175 1014 4256 locis;
1041 4178 1176 4244 51555.
1201 4179 1260 4258 ΙΠ,
1284 4183 1333 4245 19.
1360 4177 1411 4241 28.

349 4279 400 4342 37.
412 4279 470 4357 56;
488 4278 547 4360 IV,
561 4282 613 4345 36.
641 4281 691 4346 Ne
707 4283 748 4347 de
764 4282 898 4348 luxuria
914 4283 1050 4368 quidem
1063 4284 1151 4371 leges
1162 4284 1253 4351 dedit
1261 4283 1413 4351 Tiberius

347 4391 481 4469 propter
500 4389 949 4471 «159555515555555515555»;
975 4390 1015 4456 cf.
1034 4393 1184 4472 555111,
1201 4392 1341 4457 52-54.
1359 4388 1410 4456 56.
