3084 5050
612 382 835 445 ..33-

130 579 269 643 tauron?
285 577 408 657 diffuso
421 579 457 641 iu
472 578 603 641 orientis
619 577 696 642 ocei-
722 572 726 660 Ι
752 577 827 640 dam
864 575 979 657 iqnotis
1016 595 1055 638 eu
1093 574 1185 656 foma
1222 595 1312 638 uian-

131 686 297 765 dentisque
326 689 448 748 traetus
482 688 510 746 et
540 663 724 763 quidquidi
752 683 873 746 dabat.
896 731 901 744 .
925 733 931 743 .
956 680 1067 746 Ptebes
1094 682 1164 744 aori
1186 680 1312 762 quidem

130 791 312 856 nuridiano
343 795 401 854 aut
426 789 634 868 septentrione
658 788 697 868 fi·
751 786 1190 869 commandationem
1221 787 1312 851 uuita

131 899 234 973 nitur,
256 917 323 976 pau
349 900 487 976 aequata
517 895 618 958 omnis
636 899 697 957 ter-
750 895 787 958 iu
809 915 842 958 eo
866 895 961 974 cutm
984 914 1022 957 eu
1038 893 1206 973 priuu'pe:
1234 894 1313 974 quin

131 1023 249 1066 rorum
272 1003 404 1084 auqutos
419 1023 440 1064 o
455 1000 697 1064 latrociniorum
750 1000 977 1082 infecunditati
995 1005 1157 1063 terrarum
1181 1005 1238 1063 aut
1261 1019 1312 1062 as-

132 1115 220 1172 ueetu
242 1114 347 1172 seruat
364 1109 530 1170 immunes.
561 1105 697 1185 fortuito
745 1107 837 1186 peris
859 1107 962 1171 uian's
985 1106 1106 1170 obuiam
1129 1106 1181 1181 iit,
1211 1125 1311 1186 quan-

129 1236 200 1278 nou
231 1216 347 1278 auum
378 1213 607 1288 tantummodo,
642 1211 698 1274 sed
751 1218 817 1276 tum
833 1212 993 1292 impendio
1009 1211 1236 1293 ddiqentioque
1252 1231 1311 1290 no·

130 1321 266 1385 urbium
298 1321 416 1384 danem
439 1319 602 1399 principis
628 1339 697 1382 ruu-
751 1324 842 1382 terat.
889 1319 935 1381 Et
957 1339 996 1382 ne
1013 1318 1201 1398 prouinciae
1223 1318 1312 1381 nouis

129 1427 298 1507 nifieentia
332 1427 481 1490 uindicat.
534 1425 698 1489 restitutae
750 1423 896 1488 oneribus
911 1424 1127 1500 turbarentur,
1150 1429 1246 1504 utque
1262 1444 1312 1487 oe-

130 1533 230 1597 urbes
252 1533 362 1608 Asiae,
390 1531 569 1595 uindicatae
595 1531 635 1594 at)
650 1532 697 1594 in·
721 1519 724 1558 ¹
751 1536 822 1594 tero
848 1531 917 1594 sine
949 1531 1090 1594 avaritia
1116 1535 1174 1594 out
1202 1531 1312 1594 crude-

131 1639 235 1702 iuriis
245 1638 491 1719 unoqistratuuru
494 1637 695 1716 prouinciae:
751 1637 839 1700 litate
860 1638 1108 1718 moqistratuuur
1130 1637 1311 1713 tolerarent,

131 1743 697 1826 honordrquisparatissiruuspoeno
744 1742 957 1822 procidebat.
978 1793 983 1804 .
1004 1794 1009 1804 .
1034 1742 1217 1823 Siquando
1241 1763 1312 1806 euru

132 1853 172 1914 in
187 1851 287 1915 nidos
302 1871 384 1927 suo,
399 1849 456 1913 sed
464 1849 589 1930 atiquo:
605 1870 697 1929 supe·
745 1849 888 1929 paratis
915 1848 1117 1929 disceptaret,
1148 1849 1256 1929 forum
1284 1854 1313 1912 et

133 1962 232 2020 ratur
254 1956 412 2037 aequitate
425 1956 543 2037 qratia,
567 1955 697 2019 ambitio
752 1956 832 2018 ius.»

135 2064 269 2140 oe'itute;
291 2083 367 2126 narn
388 2060 494 2142 tacere
516 2066 597 2124 recte
620 2061 697 2124 eiois

132 2189 209 2234 suos
225 2169 380 2248 princeps
397 2168 535 2246 optimus
548 2168 696 2248 faciendo
722 2141 725 2230 Ι

134 2275 238 2350 dora,
291 2293 421 2354 cunque
471 2273 515 2336 sit
565 2273 725 2356 irnperio.k

132 2380 304 2455 emamus,
328 2379 465 2459 exempto
492 2379 694 2442 auctorest.»
723 2357 725 2440 i

224 2482 320 2547 Haec
351 2488 464 2546 autern
497 2481 604 2546 Taciti
638 2481 814 2568 descriptio
847 2483 931 2567 quin
963 2503 1041 2548 vera
1072 2482 1123 2562 sit,
1159 2503 1229 2548 non
1262 2492 1312 2550 est

134 2588 288 2653 dubium.
323 2588 441 2672 Neque
456 2588 547 2653 euim
562 2624 606 2634 —
625 2595 664 2653 ut
687 2590 839 2654 omittam
862 2589 1070 2668 Suetonium„
1096 2591 1155 2675 qui
1176 2589 1249 2654 Tib.
1269 2592 1310 2655 26

134 2695 259 2760 Tiberii
276 2715 386 2759 mores
402 2699 503 2780 atque
518 2694 607 2760 facta
622 2693 773 2781 depingit
796 2695 856 2761 sic:
885 2697 1025 2762 «autern
1041 2698 1213 2764 admodum
1228 2700 1313 2762 iuter

134 2804 231 2866 initia
254 2822 292 2866 ae
308 2803 540 2882 paulominus
563 2823 659 2884 quara
676 2804 844 2883 privatum
868 2805 948 2886 eqtt»
974 2807 1007 2867 et
1029 2802 1102 2868 Tib.
1126 2805 1185 2869 33:
1213 2826 1311 2884 «pau-

134 2909 225 2971 latim
242 2908 425 2987 principem
448 2910 579 2986 exeruit,
606 2910 833 2989 praestititque
857 2910 916 2973 etsi
938 2911 1066 2974 uarium
1090 2911 1156 2988 diu,
1181 2931 1311 2975 coruum-

136 3015 256 3078 dioreru
286 3019 392 3078 tamen
418 3015 547 3094 saepius
574 3019 603 3078 et
632 3015 677 3078 od
698 3015 851 3079 utilitates
872 3015 1021 3095 publicas
1037 3018 1241 3096 panieron»
1271 3052 1308 3060 -

135 3140 213 3197 non,
247 3118 398 3202 inquam,
430 3118 565 3183 Tacitus
597 3118 768 3184 Tiberium
801 3118 918 3184 laudat
946 3120 1012 3186 nisi
1042 3121 1238 3187 necessitate
1261 3142 1311 3187 co·

135 3230 229 3290 actus
254 3229 287 3288 et
309 3223 402 3289 laudi
425 3225 495 3289 eius
518 3230 686 3310 quantum
709 3217 818 3311 potest
840 3225 953 3291 studet
975 3225 1166 3292 obtrectare.
1200 3227 1311 3305 Quam

136 3330 243 3396 Taciti
273 3330 486 3414 iniquitatem
519 3351 616 3417 saepe
652 3339 946 3397 commemoratam
978 3333 1042 3397 hoc
1074 3354 1208 3419 quoque
1239 3333 1312 3399 loco

133 3437 249 3521 paucis
277 3436 450 3502 illustrem.

11 3567 12 3574 ¹
134 3562 213 3605 ann.
232 3542 260 3621 I,
277 3544 299 3605 4
315 3541 460 3620 Tacitus
485 3542 661 3607 immemor
684 3563 822 3608 suorum
845 3543 949 3628 ipsius
972 3542 1151 3610 verborum
1174 3544 1232 3624 VI,
1249 3547 1310 3611 51:

245 3669 389 3714 «urorum
412 3671 532 3731 quoque
554 3656 695 3731 ternpore
718 3651 768 3715 itti
790 3646 869 3735 (scil.
894 3647 1038 3735 Tiberio)
1062 3651 1203 3715 diuerso:
1227 3673 1311 3734 eqre

240 3756 330 3838 qiuru
357 3757 424 3820 uita
451 3757 612 3838 famaque,
643 3759 748 3839 quood
768 3760 920 3838 priuatus
948 3757 995 3820 oet
1021 3757 1058 3820 iu
1085 3757 1231 3836 imperiis
1253 3758 1311 3822 sub

243 3862 388 3944 Auqusto
408 3863 505 3942 fuit»,
540 3862 693 3926 homines
730 3882 821 3926 anno
855 3862 897 3925 14
928 3861 1125 3926 disserentes
1148 3860 1227 3926 facit
1250 3862 1308 3928 sic:

245 3989 304 4032 «ue
326 3969 369 4032 iis
392 3969 518 4050 quiden
542 3971 646 4046 aunis,
674 3969 788 4051 quitus
815 3967 923 4033 Rhodi
949 3970 1050 4048 speeie
1079 3989 1216 4034 secessus
1239 3970 1313 4036 eunt

243 4075 347 4157 eqerit,
372 4075 464 4139 atiud
485 4097 581 4156 quoru
607 4077 693 4139 iram
723 4081 752 4140 et
773 4075 1005 4141 simulationem
1032 4081 1062 4140 et
1083 4082 1219 4140 secretas
1240 4076 1311 4139 tibi-

242 4181 333 4244 dines
355 4183 573 4246 meditaturo».

135 4284 161 4360 Ι,
187 4286 239 4365 74,
264 4306 472 4371 quamquam
505 4287 684 4352 memoriae
715 4285 862 4372 prodidit
893 4286 917 4365 1,
944 4287 987 4351 80
1014 4283 1185 4349 Tiberium
1212 4286 1311 4350 «uitio

242 4394 376 4472 odisse»,
393 4392 452 4472 HI,
470 4395 512 4460 37
534 4395 649 4460 «nattis
660 4393 890 4475 uoluptatibus»
910 4412 988 4456 eum
1004 4411 1075 4457 esse
1095 4397 1309 4469 «avocatum»,

1189 4506 1202 4545 3
