3084 5050
611 400 832 464 -37-

139 608 146 622 ’
242 598 355 682 Atque
387 595 485 661 etiam
518 600 633 660 auctor
667 600 736 660 erat
769 600 904 660 senatus
935 595 1078 660 consulti
1104 619 1161 662 «ae
1185 598 1307 662 decreta

237 713 373 786 patrare
396 710 467 768 arete
490 704 573 768 diora
589 704 743 768 decimam
759 704 802 766 ad
817 705 981 768 aerariam
996 703 1197 784 deferrentur
1214 705 1309 785 idque

243 813 326 876 or'tae
347 812 488 892 spatium
511 810 671 874 damnatis
687 817 955 893 proreperetar›;
987 810 1027 874 cf.
1061 830 1139 874 ann.
1168 809 1228 887 ΙΙΙ,
1254 810 1306 874 51.

143 918 199 995 ΠΙ,
222 919 352 982 37-38
368 916 504 981 Tacitus
528 914 643 980 scribit
660 915 756 980 haec:
785 917 969 982 ‹Tiberr'ura
985 919 1086 982 malas
1104 939 1200 983 caras
1222 939 1308 982 eaer-

244 1045 324 1102 cere;
347 1045 410 1088 aaa
433 1025 517 1087 ear‘ro
545 1023 699 1101 Tiberias
722 1043 786 1088 aaa
801 1030 998 1088 accusatores
1017 1024 1236 1104 fatiscebant».
1267 1023 1308 1088 In

243 1129 283 1194 iis
306 1135 428 1208 autem,
453 1149 540 1214 quae
563 1135 758 1212 sequuntur,
788 1127 873 1194 duos
896 1129 1057 1194 delatores
1080 1129 1215 1214 punitos
1238 1149 1310 1194 esse

246 1235 404 1320 scriptum
427 1241 491 1314 est,
527 1237 629 1318 «qaod
648 1238 731 1318 fiatis
753 1238 928 1301 maiestatis
951 1238 1137 1302 criminibus
1159 1237 1309 1318 Maptam

251 1341 465 1407 analtarearre
481 1348 664 1422 praetorem
680 1344 898 1423 petivissent»,
922 1348 956 1407 et
971 1342 1126 1408 Caesium
1149 1341 1308 1421 Cordum,

248 1446 360 1512 Cretae
398 1447 643 1532 proconsulem,
683 1447 942 1533 repetundarum
982 1447 1181 1514 damnatum
1219 1447 1308 1534 (ann.

244 1553 304 1631 111,
331 1550 385 1637 7⁰l
408 1559 441 1618 et
454 1553 671 1619 Macedonem
694 1552 865 1638 quendam
892 1557 1093 1621 «turbidam»
1120 1554 1307 1640 expulsum.

145 1659 200 1735 Ill,
224 1661 369 1737 66-68,
402 1665 434 1724 et
455 1659 577 1724 'liberii
599 1661 748 1745 increpat
780 1659 1009 1725 crudelitatem
1039 1667 1072 1726 et
1103 1667 1309 1726 accusatores

245 1765 399 1850 obiurgat
414 1769 445 1830 O.
464 1765 578 1845 Silani,
595 1766 802 1851 proconsulis
825 1766 935 1834 Asiae.
970 1767 1084 1833 Nihilo
1107 1767 1220 1832 minus
1238 1766 1309 1853 ipse

246 1877 277 1936 et
305 1871 387 1936 haec
419 1871 520 1939 verba
548 1871 675 1936 scribit:
716 1895 790 1938 «aee
812 1875 943 1938 damam
965 1875 1138 1940 habebatur
1160 1875 1310 1940 saevitiae

110 2051 115 2060 Ι
246 1984 471 2060 captarumque
488 1980 701 2059 precariarum
724 1982 825 2044 terreri
846 2002 967 2058 ream»,
997 1985 1030 2044 et
1052 1979 1139 2047 cives
1162 1979 1308 2058 urbium,

245 2104 328 2168 quas
364 2084 530 2150 feneratus
565 2091 651 2150 esset
679 2084 822 2165 Silanus,
857 2092 968 2171 gratos
991 2085 1122 2151 Tiberio
1145 2085 1310 2169 matrique

245 2192 315 2256 eius
339 2212 378 2256 ac
401 2193 532 2257 senatui
554 2191 719 2277 templum
743 2192 935 2259 decrevisse.

144 2297 200 2377 IV,
226 2299 354 2363 18-19
389 2304 597 2363 accusatores
628 2299 796 2366 immissos
827 2321 898 2366 esse
931 2305 1045 2364 narrat
1066 2299 1103 2362 in
1126 2297 1162 2363 0.
1189 2296 1309 2362 Silium

245 2403 376 2469 Tiberio
399 2405 546 2495 invisum
569 2411 702 2490 propter
717 2406 908 2484 amicitiam,
933 2426 1020 2490 quae
1041 2404 1089 2470 illi
1111 2403 1309 2469 intercessis-

243 2516 293 2576 set
325 2531 404 2575 cum
436 2509 644 2577 Germanica.
692 2511 761 2576 Nec
791 2533 868 2578 vero
891 2511 1042 2577 Tiberius
1071 2511 1309 2577 Germanicum

242 2616 391 2682 invisum
422 2616 542 2682 habuit
572 2639 681 2702 neque
705 2617 805 2682 Silius
839 2617 880 2684 de
908 2618 973 2683 alio
997 2619 1134 2684 crimine
1157 2615 1309 2684 condem·

243 2731 344 2789 natus
367 2732 417 2789 est
438 2725 504 2790 nisi
527 2725 568 2790 de
590 2725 792 2811 repetundis
816 2747 962 2810 quarum
985 2746 1020 2791 re
1042 2745 1120 2790 vera
1143 2729 1212 2790 erat
1235 2744 1310 2790 con-

242 2831 362 2895 victus.

225 2935 315 3001 Vera
336 2937 438 3022 igitur
459 2959 498 3003 ac
520 2939 608 3004 iusta
629 2945 709 3005 sunt
725 2937 824 3004 verba
845 2937 912 3017 illa,
936 2959 1023 3022 quae
1046 2938 1125 3003 facit
1147 2937 1188 3002 de
1204 2935 1310 3002 Taciti

140 3041 304 3108 scribendi
325 3043 453 3108 ratione
475 3045 594 3110 Ranke
616 3045 676 3122 Ill,
702 3047 731 3124 2,
756 3067 788 3130 p.
814 3046 894 3110 293:
923 3045 1048 3130 „tlailer
1069 3046 1214 3114 Tiberias
1238 3065 1309 3131 mag

140 3147 246 3234 trater
271 3149 340 3218 oter
364 3151 522 3236 ueraciter,
548 3175 578 3221 rr
601 3151 677 3221 mirb
701 3153 817 3220 liberat
842 3153 898 3220 mit
922 3150 1120 3237 collaterare
1144 3150 1309 3236 mittant

18 3291 20 3346 3
140 3255 280 3336 bebacbet
298 3262 326 3324 ⁸⁴.
372 3255 530 3322 Similiter
561 3263 674 3322 autem
709 3264 810 3342 atquc
833 3257 968 3324 Tacitus
1002 3258 1066 3323 Dio
1089 3257 1167 3342 agit,
1198 3263 1237 3321 ut
1259 3256 1310 3321 Ti-

139 3358 267 3426 berium
301 3361 403 3427 fuisse
435 3382 572 3429 saevum
604 3363 731 3448 probet.
778 3363 877 3440 Quod
909 3384 977 3449 quo
1008 3363 1080 3428 iure
1113 3363 1240 3429 dictum
1268 3363 1312 3428 sit

18 3493 20 3550 ζ
139 3465 288 3546 breviter,
312 3469 341 3532 si
362 3468 478 3554 placet,
503 3469 715 3556 explicemus.
1002 3541 1005 3550 ¹

18 3577 20 3584 “
140 3574 190 3653 57,
217 3576 269 3653 15,
301 3574 366 3640 Dic
388 3574 550 3640 iudicium
582 3576 709 3640 factum
741 3595 812 3640 esse
841 3581 954 3640 narrat
976 3574 1019 3642 de
1040 3577 1151 3642 Druso
1173 3577 1310 3657 Libone,

244 3701 323 3745 cum
339 3682 455 3747 morbo
471 3689 640 3767 correptus
656 3689 741 3748 esset
756 3681 940 3770 (νοσήσαντα
954 3681 1158 3768 cerostata).
1176 3683 1311 3747 Tacitus

243 3794 367 3867 autem,
402 3789 462 3873 qui
494 3789 567 3854 fuse
589 3790 653 3855 hoc
675 3788 838 3855 iudicium
861 3795 974 3852 namot
996 3809 1074 3852 ann.
1100 3789 1142 3867 II,
1167 3790 1309 3867 27—32‚

244 3894 359 3960 scribit
380 3895 479 3960 haec:
508 3899 579 3962 «dte
600 3903 729 3962 serratas
751 3902 835 3960 meta
858 3901 887 3960 et
902 3896 1101 3978 aeprttadr'rre
1113 3897 1217 3977 fessas
1236 3898 1311 3975 stae,

244 4008 280 4066 ert
314 4003 476 4068 tradidere
510 4005 650 4086 paidom,
683 4003 830 4068 siraalato
860 4003 965 4068 morbo
992 4004 1100 4068 lectica
1123 4004 1245 4068 delatus
1269 4005 1313 4068 ad

242 4109 329 4188 fores
351 4113 491 4175 cariae».

139 4211 256 4298 Neque
279 4215 385 4299 magis
407 4214 528 4280 liberos
547 4221 580 4280 et
595 4215 683 4282 cives
705 4215 873 4281 aTiberio
888 4215 1062 4279 tormentis
1086 4213 1215 4278 deditos
1231 4233 1310 4290 esse,

244 4318 280 4384 id
311 4321 403 4405 quod
437 4321 547 4387 reddit
578 4324 631 4402 57,
659 4324 708 4400 19,
745 4321 880 4386 Tacitus
907 4342 967 4405 pro
990 4325 1158 4404 comperto
1181 4316 1309 4382 habuit.

246 4425 321 4503 Quo
353 4427 426 4494 loco
457 4428 601 4494 Dionem
631 4448 670 4492 ea
701 4426 838 4493 reddere
870 4426 1014 4493 voluisse
1047 4423 1224 4491 verisimile
1251 4430 1310 4501 est,
