3084 5050
624 413 846 475 „11-

148 612 222 672 tore
245 628 283 672 eo
306 626 566 690 nonnumquam
597 606 634 670 15
662 604 762 670 rebus
794 604 974 670 Caesarum
1006 602 1210 690 explicandis
1239 624 1323 669 usus

149 713 207 793 sit,
231 733 266 778 se
290 719 439 790 excusat3
468 712 510 777 51.
533 712 593 790 ΠΙ,
619 713 650 790 2,
673 732 706 796 p.
730 712 796 776 272
834 712 891 793 ,15)
917 711 1098 796 (1155551515
1122 711 1323 796 0153515555

148 841 201 899 aa,
225 841 277 890 um
301 841 336 905 (ιι
352 820 561 904 restitutioni,
586 817 646 900 bai
670 819 708 899 ia
732 819 786 900 itin
802 817 849 900 bie
872 817 934 887 aab
951 817 987 886 bc
1007 817 1217 902 ieiunitate,
1241 816 1323 902 isitii

150 925 186 994 ia
209 925 306 1010 iciam
330 925 554 1010 iiiitteitanacu
577 924 649 993 ittet
672 923 719 992 tu
742 924 899 1008 05151515
922 923 973 994 ben
997 923 1175 994 51151511

239 1030 333 1108 Quae
355 1030 493 1116 quidem
522 1028 563 1095 de
585 1028 728 1094 aliorum
750 1027 896 1108 iudiciis;
926 1029 990 1115 ipsi
1017 1049 1109 1094 nuno
1138 1049 1225 1114 quae
1248 1027 1324 1093 Vel·

147 1135 233 1202 leius
262 1137 441 1202 memoriae
464 1135 654 1222 prodiderit,
689 1155 952 1220 percenseamus,
998 1135 1111 1220 Atque
1133 1136 1176 1215 Π,
1203 1137 1277 1212 103,
1304 1137 1321 1200 1

148 1243 313 1308 Tiberiu
323 1264 358 1307 m
381 1240 502 1307 Rhodo
520 1240 654 1305 rediisse
671 1240 811 1325 legimus
827 1241 972 1306 Romam
995 1249 1088 1308 «ante
1104 1241 1170 1306 Gai
1185 1247 1214 1306 et
1228 1242 1325 1306 Imoii

155 1349 334 1414 Caesarum
357 1351 491 1416 obitum»
519 1345 559 1432 (a.
584 1348 653 1431 Sp.
671 1345 820 1432 01155.)
853 1345 952 1423 Quod
974 1347 1021 1412 ita
1044 1368 1080 1412 se
1102 1345 1224 1412 habere
1247 1345 1324 1411 Sue-

148 1454 264 1519 tonius
287 1452 423 1538 quidem
443 1457 559 1518 auctor
582 1457 632 1516 est
653 1448 737 1537 (Tib.
759 1449 820 1536 13),
846 1473 887 1517 ex
902 1453 1019 1517 Dionis
1038 1453 1220 1530 55151555,
1241 1453 1281 1516 10
1304 1471 1325 1515 5

149 1567 266 1625 utrum
289 1565 366 1624 5515
393 1565 574 1643 utrumque
598 1556 773 1622 Caesarem
801 1564 973 1622 mortuum
1006 1558 1176 1623 reverterit
1208 1576 1323 1635 necne,

151 1664 309 1750 cognosci
339 1686 409 1730 non
442 1671 551 1750 potest
582 1661 790 1750 (Xiphilinus
820 1664 985 1729 consentit
1017 1685 1094 1728 cum
1126 1663 1254 1729 Velleio
1285 1683 1325 1728 ae

149 1769 330 1853 Suetonio).

241 1875 431 1962 Repleverit
461 1875 613 1941 Tiberius
635 1875 758 1940 Rhodo
783 1896 934 1943 reversus
957 1876 1099 1960 petriam
1126 1875 1326 1942 «incredibili

149 1985 291 2049 laetitia»
329 2003 443 2060 necne,
478 1982 515 2046 in
542 1979 652 2046 medio
675 1980 933 2066 relinquendum
956 1987 1013 2058 est,
1038 1982 1118 2067 quia
1141 1981 1182 2046 de
1204 1980 1268 2046 hae
1290 1999 1325 2045 re

148 2089 235 2154 alius
258 2089 396 2175 scriptor
418 2109 479 2154 nos
502 2109 572 2153 non
595 2085 718 2152 edocet.
751 2086 831 2152 Jure
854 2092 967 2152 autem
990 2087 1160 2154 Tiberium
1184 2108 1204 2152 a
1227 2086 1325 2171 scrip-

153 2201 224 2260 tore
246 2201 280 2260 51
293 2195 357 2260 hoc
372 2194 531 2280 appellari
550 2195 733 2275 «promidia
750 2195 974 2275 reipublicae»
993 2200 1027 2259 et
1040 2193 1114 2258 aliis
1136 2194 1216 2260 locis
1238 2195 1326 2258 ‹nin-

151 2303 251 2366 dicem
274 2302 490 2383 custodemque
500 2301 647 2381 imperii»
674 2295 760 2384 (104,
778 2297 819 2382 2),
841 2301 989 2365 «tutelam
1010 2301 1158 2383 imperii»
1177 2298 1263 2385 (105,
1281 2296 1323 2384 3),

156 2408 373 2486 «praesidium
395 2407 552 2470 militum»
571 2402 661 2491 (111,
686 2403 732 2490 2),
761 2413 965 2486 «perpetuum
989 2413 1162 2486 patronum
1184 2405 1325 2470 Romani

151 2513 300 2592 imperii»
335 2509 429 2595 (120,
455 2507 492 2596 3)
529 2516 629 2575 testes
663 2516 744 2574 sunt
779 2510 879 2575 etiam
913 2510 1093 2576 Suetonius
1125 2516 1158 2575 et
1189 2511 1324 2575 Tacitus

151 2619 188 2680 et
222 2615 295 2680 Dio.
358 2614 510 2692 Quorum
551 2614 730 2680 Suetonius
766 2615 856 2700 (Tib.
888 2614 946 2701 21)
984 2615 1139 2701 epistolas
1180 2615 1325 2700 Augusti

149 2719 262 2799 affert,
307 2719 431 2805 quibus
474 2741 552 2785 eum
593 2720 765 2785 Tiberium
807 2726 1021 2807 prosecutum
1067 2741 1138 2786 esse
1183 2720 1326 2785 illustret

159 2832 213 2890 «ut
229 2828 464 2906 peritissimum
493 2828 542 2891 rei
572 2828 726 2891 militaris
757 2833 852 2910 utque
882 2830 1012 2892 unicum
1040 2829 1156 2909 popuii
1185 2828 1325 2893 Romam

148 2933 384 3014 praesidium».
442 2931 578 2996 Tacitus
616 2938 730 2997 autem
768 2939 868 3018 atque
908 2933 972 2998 Dio
1013 2933 1184 2998 Tiberium
1222 2932 1324 2998 luisse

153 3036 305 3102 scribunt
345 3037 541 3102 «subsidium
579 3039 788 3103 dominationi
824 3040 1005 3122 Auyusti»;
1049 3039 1091 3104 51.
1126 3038 1204 3103 Tac.
1242 3061 1321 3104 ann.

149 3143 175 3223 Ι,
205 3145 244 3220 3;
268 3142 332 3207 Dio
355 3144 408 3220 55,
435 3144 491 3207 13;
527 3140 762 3230 «intimatione
793 3141 872 3230 (scil.
899 3143 1083 3230 Augustus)
1116 3144 1158 3216 ὡς
1182 3149 1235 3208 καὶ
1259 3146 1324 3210 δια-

150 3251 262 3335 δόχους
286 3253 339 3312 καὶ
362 3251 501 3334 βοηθοὺς
524 3250 605 3335 ἔχων
628 3247 706 3336 (scil.
725 3249 897 3316 Tiberium
915 3256 1016 3336 atque
1040 3246 1321 3334 Germanicumb.

147 3355 259 3438 Atque
290 3353 391 3418 etiam
418 3353 571 3420 homines
602 3376 623 3420 a
645 3356 777 3422 Tiberio
805 3357 1008 3436 alienissimi,
1044 3357 1103 3442 qui
1129 3359 1321 3436 ¹«saevitiam,

149 3460 390 3538 simulationem,
402 3468 536 3526 secretas
555 3463 722 3529 libidines»
744 3462 875 3528 crimini
890 3463 920 3527 ei
935 3462 1026 3542 dant,
1050 3463 1091 3527 iis
1106 3462 1320 3548 temporibus

152 3564 276 3650 quibus
309 3565 446 3630 Tacitus
469 3586 546 3630 eum
584 3571 759 3652 «europiam
781 3571 848 3634 uita
868 3571 1037 3652 famaque»
1075 3569 1177 3634 fuisso
1209 3569 1324 3634 scribit

149 3691 226 3736 555.
251 3669 310 3750 VI,
324 3671 366 3736 51
390 3669 509 3759 (usque
531 3672 574 3737 ad
590 3693 720 3738 annum
747 3677 788 3739 14
802 3697 834 3760 p.
852 3674 929 3740 Ohr.
943 3675 999 3761 5.),
1024 3697 1101 3741 eum
1129 3682 1322 3758 «spectatum

149 3778 242 3842 betia»
269 3776 371 3842 fuisse
393 3799 463 3843 non
485 3785 612 3864 negant
633 3777 685 3864 (51.
710 3780 787 3846 Tac.
811 3800 891 3846 ann.
915 3781 941 3860 I,
965 3779 1007 3868 4).

240 3880 307 3947 Sed
335 3883 418 3948 haec
451 3884 573 3950 leviora
601 3891 688 3962 sunt
724 3886 782 3951 illa
805 3907 881 3954 vero
903 3888 1064 3972 graviora,
1089 3908 1176 3972 quae
1198 3887 1322 3972 scripta

149 3987 306 4072 leguntur
327 3989 371 4067 H,
397 3992 470 4068 103,
495 3992 576 4074 2sq.
624 3990 699 4068 Quo
722 3991 794 4057 1555
817 3993 964 4078 scriptor,
996 4014 1205 4078 quamquam
1227 3993 1321 4060 Tibe

147 4092 234 4156 rium
266 4101 453 4160 consortem
482 4096 610 4161 factum
638 4118 709 4162 esse
732 4098 929 4164 tribuniciae
951 4100 1121 4184 potestatis
1145 4105 1177 4165 et
1200 4100 1320 4186 adop·

148 4204 277 4263 tatum
300 4199 344 4264 ab
367 4195 520 4284 Augusto
543 4223 633 4268 anno
652 4210 771 4287 quarto
793 4226 826 4289 p.
851 4203 927 4269 Chr.
952 4226 986 4269 5.
1010 4206 1227 4272 confirmatur
1249 4212 1320 4272 eta

148 4303 307 4370 Suetonio
330 4303 427 4391 (Aug.
446 4309 503 4386 65;
528 4307 601 4373 Tib.
622 4307 674 4394 15)
697 4316 730 4374 51
751 4310 902 4375 5Τ55115
926 4309 1058 4395 (5551,
1076 4310 1108 4395 3)
1131 4318 1164 4375 51
1179 4332 1197 4376 5
1212 4312 1320 4377 Dione

147 4405 210 4494 (55,
240 4408 299 4496 13),
324 4417 438 4478 tamen
453 4414 489 4478 in
508 4413 727 4480 offensionem
742 4416 838 4480 irruit
852 4417 1000 4482 virorum
1023 4415 1206 4483 doctorum.
1242 4418 1274 4482 N
1275 4439 1320 4484 on
