3084 5050
708 409 928 474 ..66-

230 602 347 682 effecit,
372 625 451 669 61111
474 602 539 670 6116
554 608 701 670 narraret
716 603 781 670 alia
796 603 969 684 omitteret,
994 607 1033 668 ut
1047 597 1225 666 hominum
1239 597 1413 685 imagines

230 709 428 798 exprimeret
450 730 471 775 a
493 711 630 778 veritate
652 709 850 776 recedentes.
889 707 988 786 Quod
1003 713 1043 774 ut
1063 706 1236 786 illustrem,
1260 705 1300 771 A.
1326 703 1413 770 Gae-

231 817 326 884 einae
348 816 460 885 Severi
482 817 687 884 mentionem
708 816 828 883 faciam
852 821 886 883 et
899 815 1009 882 Plauti
1032 813 1173 894 Silvani;
1197 812 1239 880 de
1261 820 1412 899 utreque

231 921 389 1003 Velleius,
423 943 632 1009 quamquam
663 924 687 990 ii
717 924 824 990 bonos
856 922 957 988 duces
987 942 1022 988 se
1044 920 1280 1008 praestiterunt
1302 925 1412 1007 atque

230 1029 331 1096 etiam
360 1029 576 1117 triumphalia
607 1029 752 1117 insignia
782 1033 976 1096 meruerunt
999 1025 1052 1115 (cf.
1075 1027 1139 1094 Dio
1163 1027 1215 1108 66,
1241 1028 1298 1107 29;
1323 1028 1408 1095 Tac.

230 1137 359 1217 6111,
385 1137 437 1202 56.
461 1137 512 1203 60.
539 1138 592 1202 61.
617 1138 759 1204 63-68.
784 1138 841 1217 12;
865 1135 929 1202 Dio
952 1136 1005 1216 56,
1032 1136 1087 1214 12;
1124 1133 1213 1199 Suet.
1238 1132 1312 1200 Tib.
1338 1133 1407 1222 20),

230 1248 344 1309 tamen
366 1242 414 1307 ita
436 1249 683 1324 commemorat,
717 1248 755 1309 ut
785 1242 920 1310 inutiles
949 1263 1004 1309 eos
1027 1240 1129 1308 duces
1151 1241 1255 1307 fuisse
1278 1238 1406 1306 credas.

230 1348 300 1414 Nec
322 1353 437 1414 tamen
459 1369 501 1415 ex
524 1369 563 1415 ea
584 1370 620 1415 re
634 1348 800 1416 Velleium
817 1348 991 1415 ambitiose
1006 1348 1174 1435 scripsisse
1196 1353 1306 1434 potest
1327 1368 1407 1412 con-

230 1454 329 1522 cludi.
361 1454 460 1532 Quod
482 1456 530 1520 ita
552 1477 587 1522 se
608 1455 731 1522 habere
754 1455 853 1524 variis
868 1454 1028 1543 probatur
1042 1447 1255 1541 argumentis.
1291 1452 1408 1539 Atque
1501 1499 1514 1516 .

229 1562 377 1648 primum
400 1561 537 1648 quidem
553 1563 719 1631 Velleium
742 1569 914 1652 propterea
936 1561 1027 1649 quod
1051 1560 1243 1628 Ciceronem
1267 1557 1319 1648 (11,
1337 1557 1404 1646 66),

231 1668 277 1732 Μ.
302 1667 445 1734 Brutum
469 1668 522 1756 (Π,
548 1666 611 1754 69),
637 1670 673 1736 0.
697 1670 852 1736 Asinium
875 1669 1060 1735 Pollionem
1082 1664 1135 1754 (II,
1154 1669 1205 1747 63,
1224 1667 1263 1746 33
1289 1667 1340 1746 76,
1367 1667 1404 1744 2;

235 1775 307 1854 128,
333 1771 364 1859 3)
388 1774 529 1842 summis
545 1775 702 1841 laudibus
718 1776 898 1857 extulisset,
915 1775 961 1842 M.
977 1774 1166 1841 Antonium
1181 1771 1234 1860 (Π,
1252 1774 1295 1839 60
1307 1768 1402 1858 sqq.),

231 1878 271 1956 Q.
305 1879 452 1945 Dellium
483 1879 679 1967 (Π,84,1),
715 1882 752 1948 L.
783 1881 976 1948 Munatium
1009 1879 1173 1946 Plancum
1207 1878 1262 1966 (Π,
1287 1880 1338 1958 63,
1364 1880 1402 1957 3;

231 1987 284 2066 64,
311 1989 345 2066 1;
371 1989 423 2067 67,
448 1989 469 2052 3
476 2010 483 2067 ;
509 1990 565 2067 83;
591 1990 642 2069 96,
668 1987 700 2076 3)
724 1989 923 2076 castigasset,
948 1986 1140 2054 Messallino
1162 1985 1300 2071 eiusque
1322 1983 1404 2050 ami·

232 2092 279 2158 cis
311 2092 440 2174 favisse,
476 2093 511 2158 id
545 2094 636 2180 quod
667 2094 840 2160 Abraham
875 2093 1019 2160 affirmat
1040 2115 1073 2178 p.
1100 2095 1150 2172 13,
1176 2113 1271 2178 nego.
1304 2089 1404 2156 Unde

234 2197 319 2263 nihil
342 2199 433 2265 aliud
456 2206 566 2287 potest
587 2198 742 2287 cognosci
758 2200 824 2266 nisi
837 2199 1004 2267 Velleium
1027 2200 1064 2265 in
1085 2199 1195 2279 rebus,
1220 2203 1404 2285 quaesunt

230 2304 310 2370 iude
333 2327 353 2371 a
375 2307 418 2386 ΙΙ,
442 2308 486 2373 49
508 2306 682 2393 usquead
704 2307 817 2386 Il,90,
843 2304 1067 2372 describendis
1090 2305 1245 2371 Messalla
1268 2310 1403 2371 auctore

231 2433 331 2478 usum
356 2434 427 2479 esse
449 2410 501 2500 (61.
526 2435 557 2501 p.
583 2411 624 2500 4).
657 2413 709 2478 Ex
732 2413 926 2479 homiuibus
949 2418 1072 2492 autem,
1097 2432 1241 2498 quorum
1265 2411 1405 2498 scriptor

231 2519 435 2586 mentionem
469 2520 549 2586 facit
581 2519 660 2586 inde
691 2541 712 2584 a
744 2520 787 2601 H,
814 2521 886 2599 101,
920 2518 1093 2585 Abraham
1127 2517 1259 2584 nullum
1293 2523 1402 2605 potest

231 2627 412 2708 nominare,
438 2631 477 2692 ut
500 2626 699 2693 sententiam
721 2647 818 2694 suam
839 2625 965 2713 probet,
982 2625 1048 2691 1161
1066 2626 1103 2690 L.
1120 2625 1270 2692 Nonium
1285 2623 1403 2710 Aspre-

233 2740 356 2801 natem.
405 2735 468 2800 (1111
499 2755 586 2821 quae
618 2735 702 2801 ratio
735 2735 955 2801 intercesserit
987 2755 1066 2800 cum
1100 2731 1279 2814 Messallis,
1314 2736 1404 2798 66116

232 2841 302 2906 61111
329 2842 447 2927 nequit
473 2863 515 2908 ex
540 2843 581 2908 iis
613 2843 693 2909 locis
724 2863 809 2928 61166
836 2841 933 2908 affert
958 2840 1130 2907 Abraham
1159 2839 1247 2926 (Tac.
1272 2860 1351 2904 ann.
1374 2837 1402 2917 I,

233 2947 375 3027 53;111,
404 2945 465 3033 18).

319 3053 439 3119 116116
454 3054 555 3141 igitur
567 3061 647 3122 sunt
658 3062 863 3143 argumenta,
881 3057 1005 3142 quibus
1018 3054 1191 3120 Abraham
1203 3052 1402 3120 sententiam

232 3179 329 3225 suam
352 3159 510 3227 defendit.
543 3160 608 3227 Sed
624 3162 707 3228 aliae
723 3184 857 3249 quoque
871 3164 1015 3229 rationes
1036 3167 1176 3248 possunt
1191 3159 1310 3240 afferri,
1332 3158 1403 3246 qui·

233 3264 298 3331 bus
320 3265 389 3332 huc
413 3288 519 3354 usque
541 3289 611 3334 non
634 3290 704 3335 esse
726 3269 905 3356 probatum
926 3269 1109 3336 illustretur
1123 3267 1289 3334 Velleium
1306 3265 1402 3351 scrip·

233 3371 315 3438 sisse
330 3373 513 3440 ambitiose.
531 3373 584 3440 1111
600 3374 846 3461 duodetriginta
861 3375 952 3442 enim
963 3375 1051 3455 viris,
1069 3396 1154 3461 quos
1168 3373 1330 3452 nominat,
1343 3392 1403 3437 un·

233 3477 340 3544 decim
355 3478 476 3546 iisdem
498 3483 704 3568 temporibus
724 3483 761 3548 in
780 3482 899 3550 iisdem
919 3482 1110 3569 regionibus
1130 3479 1249 3549 versati
1265 3484 1345 3546 61111
1367 3478 1404 3543 11

232 3583 355 3668 quibus
371 3583 450 3671 ipse.
474 3587 526 3652 lta
541 3587 586 3652 M.
604 3588 729 3655 Lollius
745 3596 778 3654 et
793 3588 994 3656 Censorinus
1009 3588 1108 3654 annis
1126 3589 1211 3653 1-2
1225 3586 1262 3651 in
1278 3585 1403 3652 oriente

234 3697 336 3770 erant,
363 3691 398 3758 G.
423 3692 557 3760 Sentius
581 3692 782 3763 Saturninus
805 3697 903 3763 annis
929 3699 1017 3763 4-6
1044 3697 1082 3762 in
1105 3696 1294 3778 Germania,
1318 3696 1403 3762 Mes-

233 3797 389 3880 sallinus,
430 3801 584 3882 Caecina,
622 3801 774 3870 Plautius
806 3802 977 3886 Silvanus,
1008 3805 1053 3871 M.
1084 3805 1248 3892 Lepidus,
1281 3802 1403 3869 Vibius

233 3903 424 3988 Postumus,
456 3907 493 3973 L.
527 3908 708 3996 Apronius,
736 3910 853 3978 Aelius
881 3911 1008 3993 Lamia,
1040 3911 1081 3978 A.
1112 3912 1260 3979 Licinius
1294 3909 1405 3977 Nerva

233 4009 379 4078 Silianus
402 4015 500 4082 annis
524 4017 611 4084 6——9
634 4018 671 4083 in
693 4017 835 4104 Illyrico.
872 4018 1004 4106 Septem
1027 4024 1141 4085 autem
1159 4020 1306 4086 virorum
1328 4015 1403 4082 Vel·

233 4117 317 4185 leius
339 4121 544 4188 mentionem
568 4122 657 4203 facit,
689 4145 766 4190 cum
790 4123 918 4192 cladem
946 4125 1129 4192 Varianam
1158 4131 1286 4192 narrat:
1311 4123 1403 4203 Vari,

232 4224 269 4290 L.
295 4225 402 4313 Eggii,
427 4227 550 4310 Ceioni,
570 4229 676 4296 Valae
699 4231 869 4311 Numonii,
892 4231 930 4298 L.
954 4232 1158 4319 Asprenatis,
1185 4232 1223 4298 L.
1249 4229 1402 4310 Caedicii,

233 4329 329 4396 Oaldi
359 4332 469 4400 (laelii.
516 4336 567 4402 De
599 4338 827 4424 compluribus
855 4339 957 4426 igitur
987 4342 1125 4429 scriptor
1155 4338 1287 4408 videtur
1318 4358 1404 4404 com·

232 4457 435 4507 memorasse
457 4447 496 4508 ut
519 4443 709 4511 commilito.
762 4445 922 4533 Reliquos
954 4454 1068 4515 autem
1099 4448 1187 4518 viros
1218 4445 1405 4516 nominavit
