3084 5050
711 399 932 464 -64-

233 597 310 678 post
341 609 470 656 annum
503 592 546 656 23
578 597 746 659 auctorem
776 593 908 659 Tiberio
944 595 1090 661 extitisse
1122 593 1327 661 demonstret
1364 602 1414 662 rei
1538 569 1539 616 A

234 695 388 782 publicae
419 696 506 762 male
535 697 830 778 administrandae,
854 700 920 765 nisi
951 699 994 764 ab
1018 721 1057 766 eo
1086 706 1119 765 et
1141 699 1312 766 'liberium
1339 701 1414 766 red·

234 801 344 868 ditum
367 823 438 868 esse
460 803 664 889 Agrippinae
693 805 831 891 eiusque
859 805 935 870 filiis
963 806 1123 872 infestum
1153 804 1188 892 (l,
1215 803 1268 891 69)
1291 814 1325 872 et
1347 807 1413 873 hos

234 914 379 987 vexatos,
408 913 447 973 ut
477 908 542 995 ipei
574 931 610 975 se
637 910 813 996 perderent
836 909 905 997 (IV,
932 913 983 982 12.
1008 913 1061 977 54.
1085 913 1137 978 60.
1163 910 1226 998 67).
1274 912 1351 990 Qua
1373 913 1412 978 in

233 1033 268 1079 re
291 1033 361 1079 non
383 1015 492 1080 omnis
517 1014 597 1081 fides
620 1017 735 1082 Tacito
764 1017 962 1103 deneganda
988 1017 1119 1084 videtur
1146 1037 1225 1083 esse.
1273 1017 1410 1084 Etenim

234 1119 384 1200 Seianus,
408 1141 615 1207 quamquam
632 1122 851 1210 Agrippinam
867 1124 973 1209 ipsam
991 1121 1122 1190 Tiberio
1142 1123 1409 1190 inimicissimam

233 1224 277 1290 ab
306 1245 345 1290 eo
376 1227 549 1292 incitatam
583 1249 653 1295 esse
686 1229 862 1295 verisimile
892 1251 962 1295 non
994 1235 1053 1309 est,
1079 1235 1192 1296 tamen
1222 1230 1307 1316 filios
1335 1232 1410 1296 eius

233 1330 402 1416 impellere
423 1333 534 1418 potuit
555 1333 597 1398 ad
621 1355 682 1413 res,
707 1334 831 1419 quibus
856 1334 979 1399 Tiberii
1003 1335 1210 1402 voluntatem
1233 1357 1253 1401 a
1276 1357 1312 1401 se
1333 1335 1409 1402 alie·

233 1442 361 1502 narent.
408 1437 474 1503 Sed
496 1439 559 1503 hoo
582 1439 659 1505 fecit
681 1439 843 1526 regnandi
867 1439 1048 1525 cupiditate
1070 1440 1237 1507 adductus
1258 1440 1347 1527 (inde
1363 1443 1408 1508 ab

233 1561 323 1607 anno
347 1540 411 1628 23).
456 1543 573 1630 Neque
595 1551 712 1611 auctor
733 1545 798 1610 fuit
820 1545 972 1612 Tiberius
1002 1566 1111 1631 neque
1138 1546 1291 1612 conscius
1315 1551 1347 1611 et
1369 1548 1407 1611 in

233 1667 339 1714 errore
361 1649 518 1715 videntur
548 1652 672 1717 versari
702 1651 734 1730 ii,
769 1653 828 1736 qui
860 1651 1058 1717 Suetonium
1093 1652 1198 1718 secuti
1231 1651 1314 1738 (Tib.
1351 1653 1407 1740 55)
1539 1679 1540 1682 ¹

233 1753 393 1820 Seianum
416 1755 492 1821 filiis
516 1756 703 1822 Germanioi
734 1757 914 1843 pemiaiem
943 1757 1111 1844 paravisse
1139 1762 1261 1844 putant
1283 1757 1408 1824 Tiberii
1539 1771 1540 1774 ’

233 1859 336 1926 iussu.
383 1861 500 1945 Neque
523 1861 612 1926 enim
636 1862 772 1929 Tacitus
796 1862 919 1929 Tiberii
935 1863 1120 1949 castigandi
1142 1863 1406 1930 studiosissimus

232 1964 268 2029 id
302 1964 442 2052 dignum
466 1987 537 2032 esse
567 1967 745 2034 arbitratus
780 1975 837 2047 est,
872 1968 963 2054 quod
990 1969 1169 2035 memoriae
1203 1968 1403 2055 proderetur.

232 2070 403 2136 Praeterea
426 2073 602 2139 verisimile
625 2095 693 2138 non
709 2080 759 2139 est
774 2073 943 2154 Seianum,
961 2075 1071 2142 virum
1085 2075 1403 2160 ingeniosissimum,

232 2195 267 2239 se
290 2176 337 2241 sic
360 2176 570 2243 abutendum
593 2178 725 2244 Tiberio
747 2179 945 2265 permisisse,
970 2200 1089 2264 neque,
1110 2200 1188 2244 aum
1212 2186 1407 2246 accusatum

232 2303 345 2348 essea
377 2283 509 2350 Tiberio
535 2284 665 2350 sceleris
692 2286 788 2351 cuius
822 2284 877 2350 hie
900 2285 1018 2351 fuisset
1039 2293 1163 2351 auctor.
1211 2283 1406 2363 Quomodo

232 2389 333 2457 verba
363 2391 421 2456 illa
453 2391 576 2456 liberii
607 2390 826 2472 illustrantur,
860 2412 947 2476 quae
977 2397 1057 2458 sunt
1086 2391 1176 2478 apud
1207 2390 1405 2457 Suetonium

231 2496 303 2562 Tib.
329 2499 385 2563 61:
414 2498 584 2565 «aeaeae
606 2520 639 2564 se
655 2501 798 2580 paraisse,
820 2500 903 2581 qaod
918 2489 1115 2580 comperisset
1127 2499 1237 2581 farere
1252 2499 1406 2564 adversas

230 2603 342 2670 literas
384 2604 569 2670 Germanici
606 2606 669 2686 filii
709 2607 793 2670 sair.
853 2603 993 2670 Seianus
1030 2604 1132 2690 igitur
1170 2603 1404 2669 alienationem

230 2708 564 2795 disiunctionemque‚
589 2731 676 2796 quae
698 2710 884 2776 intercessit
902 2709 1106 2796 Agrippinae
1130 2709 1267 2792 eiusque
1292 2708 1404 2774 liberis

230 2835 308 2880 cum
324 2815 464 2895 Tiberio,
481 2835 601 2901 augere
617 2814 782 2882 studebat.
814 2816 931 2900 Neque
945 2814 1046 2880 modo
1063 2814 1215 2881 Tiberius
1231 2813 1400 2893 Seianum,

229 2942 307 2986 oum
341 2942 484 3007 regnum
516 2927 643 3007 peteret
675 2921 754 2986 inde
787 2922 831 2986 ab
865 2941 955 2986 anno
991 2922 1043 3000 23,
1078 2920 1297 2985 immutatum
1332 2940 1403 2984 esse

229 3028 348 3095 nesciit
369 3048 459 3093 anno
483 3029 535 3104 29,
569 3029 628 3094 sed
658 3028 759 3093 etiam
791 3048 907 3093 omnes
939 3027 1006 3094 fere
1035 3026 1190 3105 Romani,
1214 3025 1251 3090 in
1278 3025 1402 3110 quibus

228 3135 386 3202 Velleius,
419 3133 517 3212 Quod
539 3133 587 3199 ita
610 3154 646 3198 se
669 3133 790 3198 habere
811 3133 1021 3218 cognoscitur
1044 3138 1077 3198 et
1100 3152 1141 3197 ex
1162 3129 1262 3195 laude
1284 3130 1402 3214 gratia·

228 3261 303 3326 que,
323 3240 359 3305 in
379 3239 503 3325 quibus
526 3239 666 3305 Seianus
692 3245 762 3304 erat
784 3259 862 3304 cum
878 3239 1010 3305 Tiberio
1025 3237 1216 3325 poprdoque
1236 3236 1400 3317 Romano,

229 3353 261 3412 et
284 3367 396 3426 exeo,
421 3346 512 3432 quod
535 3351 613 3411 ante
645 3366 775 3411 annum
798 3347 839 3411 31
874 3367 983 3426 nemo,
1018 3344 1126 3430 qualis
1158 3343 1299 3408 Seianus
1327 3362 1402 3408 vere

228 3457 322 3533 esset,
345 3452 521 3531 intellexit
546 3473 627 3518 nam
650 3451 843 3538 inopinatae
866 3458 966 3537 atque
989 3449 1189 3537 improvisae
1211 3468 1262 3513 res
1278 3447 1401 3513 accida

227 3565 308 3624 runt
330 3578 420 3622 anno
443 3559 499 3636 31;
525 3558 566 3622 cf.
591 3558 669 3623 Tac.
693 3579 772 3622 ann.
797 3557 856 3638 VI,
882 3560 916 3636 83
941 3556 1089 3623 Iuvenal.
1114 3561 1174 3621 sat.
1191 3553 1235 3631 X,
1253 3555 1295 3620 56
1312 3575 1399 3638 sqq.;

227 3665 317 3731 Suet.
343 3663 416 3730 Tib.
441 3666 496 3744 65;
521 3664 585 3729 Dio
612 3665 665 3743 58,
690 3665 712 3729 4
735 3685 806 3748 sqq.

315 3772 410 3836 Iusta
431 3771 533 3856 igitur
556 3791 594 3836 ac
617 3791 695 3836 vera
718 3773 798 3835 sunt
821 3767 931 3848 verba,
955 3787 1041 3853 quae
1064 3767 1105 3834 de
1129 3767 1241 3833 Seiani
1264 3766 1399 3852 ingenio

227 3877 446 3963 moribusque
476 3882 509 3942 et
531 3876 573 3942 de
595 3875 695 3942 rebus
718 3875 762 3942 ab
785 3896 823 3941 eo
846 3875 947 3961 gestis
970 3875 1047 3940 feeit
1069 3872 1226 3940 Velleius.
1273 3872 1399 3950 Restat,

228 3989 274 4063 ut,
299 3983 334 4048 id
357 3983 448 4068 quod
471 3983 606 4049 tertium
630 3989 700 4048 erat
721 3983 938 4068 propositum,
963 3979 1210 4046 consideremus
1233 4000 1280 4057 ea,
1313 3998 1400 4063 quae

227 4089 269 4156 de
298 4088 410 4154 Seiani
444 4089 575 4176 scripsit
610 4091 876 4156 «aestimatione».
930 4087 1042 4171 Atque
1073 4083 1175 4152 verba
1206 4090 1286 4150 sunt
1317 4085 1400 4149 haec

228 4194 315 4282 (128,
338 4194 385 4282 ll:
414 4199 468 4262 «ia
483 4197 580 4262 tuias
595 4193 674 4280 (scil.
692 4194 814 4280 Seiani)
829 4197 984 4260 veirtatem
1007 4193 1222 4259 aestimatione
1244 4193 1311 4256 iura
1327 4193 1401 4272 pri·

227 4304 297 4368 dem
320 4304 443 4368 iudicia
458 4304 596 4369 civitatis
612 4323 682 4367 caat
697 4303 828 4368 iudiciis
837 4301 1001 4382 penatis
1016 4304 1167 4365 remeat».
1200 4295 1268 4362 Suo
1284 4302 1398 4362 autem

225 4407 486 4474 iureVelleium
512 4429 551 4474 ea
573 4406 742 4494 scripsisse
764 4406 981 4472 confirmatur
1003 4410 1036 4470 et
1057 4402 1210 4470 aTacito
1233 4423 1311 4468 ann.
1335 4401 1396 4481 ΠΙ,
