3084 5050
692 391 913 455 ..40-

217 586 281 652 Dio
303 587 356 662 56,
380 582 446 670 45),
470 604 589 669 50555,
614 583 673 648 ubi
697 584 884 670 explicavit,
908 603 969 648 cur
989 582 1214 668 principatum
1235 579 1400 646 Tiberius

216 697 403 758 recusasset
425 689 515 776 (Tac.
531 709 610 754 ann.
628 690 653 768 I,
671 692 690 755 7
709 719 750 744 --
766 689 831 754 Dio
854 691 908 768 57,
932 687 981 774 3),
995 689 1035 753 cf.
1052 710 1085 774 p.
1099 689 1142 752 23
1154 693 1188 752 55
1200 689 1242 752 26
1250 709 1300 772 55.
1343 687 1400 752 Iu-

217 797 416 870 festissimus
448 802 561 860 autem
593 794 725 860 Tiberio
767 794 989 880 cognoscitur,
1023 815 1101 858 cum
1130 813 1217 878 quae
1248 793 1338 858 ratio
1369 793 1400 858 ei

216 903 403 969 interfuerit
432 924 510 968 cum
542 902 741 968 Germanico
771 902 926 988 explicat;
959 902 1036 966 Tac.
1065 922 1143 966 ann.
1178 900 1205 978 Ι,
1231 902 1311 964 7=
1329 900 1400 964 Dio

217 1011 270 1088 57,
296 1011 331 1090 3;
355 1009 381 1088 Ι,
399 1010 658 1088 31-52=57,
676 1011 787 1088 4-6;
812 1007 1398 1087 11,6a.72.73;111,2=57,18;

218 1116 257 1180 cf.
283 1137 315 1200 p.
340 1117 381 1181 27
407 1137 479 1200 sqq.
524 1115 637 1200 Atque
660 1115 743 1182 adeo
765 1115 897 1180 Tiberio
920 1121 1036 1181 auctor
1058 1113 1264 1191 obtrectavit,
1289 1119 1333 1178 ut
1355 1133 1401 1176 ne

217 1222 353 1288 Tacitus
385 1221 522 1306 quidem
553 1222 655 1288 fidem
687 1223 824 1288 haberet
855 1221 965 1288 verbis
1000 1222 1072 1287 eius
1104 1219 1278 1297 omnibus;
1313 1218 1399 1282 Tac.

217 1348 295 1392 555.
320 1328 347 1406 Ι,
372 1329 415 1392 76
432 1357 473 1382 =
490 1329 554 1394 Dio
577 1331 631 1407 57,
666 1333 720 1407 14;
747 1331 772 1409 Ι,
798 1332 850 1397 76.
876 1332 917 1396 79
938 1359 978 1382 --
1001 1331 1055 1407 57,
1083 1331 1132 1392 14.
1179 1327 1325 1410 Iniquus
1349 1323 1400 1388 in-

217 1435 350 1500 venitur
373 1435 474 1498 etiam
496 1435 534 1498 in
556 1435 723 1500 narranda
746 1456 848 1502 cause
863 1436 964 1502 Drusi
978 1433 1115 1500 Libonis
1139 1432 1227 1519 (Tac.
1251 1453 1335 1496 ann.
1353 1429 1399 1506 ΙΙ,

220 1542 261 1606 27
270 1578 310 1586 -
320 1542 360 1605 31
380 1569 422 1593 =
437 1540 501 1605 Dio
524 1543 577 1620 57,
600 1539 666 1627 15);
684 1542 816 1622 etenim,
834 1562 1043 1628 quamquam
1057 1541 1094 1604 in
1109 1539 1218 1606 medio
1248 1534 1398 1622 reliquit,

217 1653 332 1711 utrum
344 1646 462 1711 timore
477 1647 601 1712 fractus
617 1647 733 1712 suisset
746 1648 830 1714 Libo
845 1669 890 1712 55
905 1646 1121 1732 aegritudine,
1135 1666 1213 1710 cum
1229 1642 1400 1709 iudicium

218 1758 431 1831 exerceretur,
456 1759 580 1832 tamen,
603 1759 644 1817 ut
666 1753 839 1820 saevitiam
862 1753 984 1818 Tiberii
1002 1754 1196 1838 increparet,
1223 1749 1400 1815 mortifero

217 1857 334 1923 morbo
357 1858 515 1924 affectum
530 1858 627 1923 illum
645 1865 789 1924 tractum
805 1881 876 1924 esse
891 1860 927 1924 in
943 1859 1069 1924 curiam
1093 1857 1223 1924 studuit
1237 1855 1398 1941 probare;

218 1963 294 2028 Tac.
328 1984 406 2028 ann.
431 1965 474 2041 Η,
500 1965 542 2030 29
560 1995 600 2017 =
623 1964 686 2030 Dio
710 1967 762 2044 57,
790 1966 840 2030 15.
887 1963 1074 2029 Maledictis
1107 1961 1251 2046 denique
1284 1980 1400 2045 neque

217 2069 253 2134 in
286 2069 327 2134 iis
358 2076 474 2135 auctor
504 2070 677 2149 abstinuit,
711 2091 797 2155 5555
829 2071 871 2135 55
903 2069 1064 2136 seditione
1096 2067 1277 2133 Clementis
1308 2065 1399 2132 servi

217 2176 397 2240 memoriae
411 2176 558 2262 prodidit
576 2175 664 2262 (Tac.
682 2197 761 2242 ann.
778 2177 820 2256 Π,
839 2178 972 2243 39-40
988 2206 1030 2230 =
1047 2175 1111 2241 Dio
1127 2177 1180 2253 57,
1200 2171 1263 2258 16),
1284 2190 1399 2257 neque

217 2281 254 2346 in
276 2282 326 2359 iis,
351 2304 438 2368 quae
460 2283 734 2351 commemoravit
757 2281 798 2348 de
821 2281 985 2348 Archelao
1012 2302 1089 2366 rege
1112 2278 1201 2366 (Tac.
1236 2299 1315 2344 ann.
1353 2277 1398 2355 H,

222 2388 267 2452 42
283 2415 324 2440 =
348 2388 413 2453 Dio
436 2390 489 2467 57,
517 2387 578 2474 17).

307 2493 488 2578 Reliquum
512 2501 570 2574 est,
595 2500 642 2573 ut,
667 2495 839 2580 possintne
868 2494 1036 2560 conciliari
1057 2512 1258 2577 quaeramus
1280 2490 1397 2568 verba,
1521 2577 1522 2582 ἵ

219 2619 306 2685 5555
329 2606 410 2664 5555
431 2600 522 2685 apud
546 2600 712 2668 Velleium
735 2602 777 2682 ΙΙ,
805 2602 878 2678 126,
904 2621 982 2665 cum
1004 2600 1045 2664 iis
1068 2619 1203 2684 550555
1232 2617 1320 2682 5555
1343 2596 1399 2662 Ti·
1521 2609 1522 2688 5

220 2704 331 2770 benus
355 2707 433 2770 fecit
455 2707 553 2770 annis
578 2708 718 2773 ae-aa.
1521 2693 1522 2728 ³

308 2812 419 2896 Atque
450 2833 633 2898 perpaucas
665 2835 776 2878 rerum
807 2813 847 2878 iis
879 2812 977 2876 annis
1011 2817 1181 2897 gestarum
1213 2809 1400 2875 memoriae

218 2916 365 3002 prodidit
387 2917 466 2996 Dio;
503 2940 612 3004 neque
642 2921 732 2986 enim
764 2920 951 3005 quidquam
980 2921 1218 2982 commemorat
1239 2914 1305 2980 nisi
1328 2914 1399 2980 Titi
1521 2945 1522 2998 j

219 3020 336 3086 Sabini
365 3029 508 3088 mortem
538 3031 570 3089 et
592 3025 705 3093 Liviae
728 3023 795 3110 (58,
823 3023 929 3110 1-2).
973 3023 1109 3112 ¹Quibus
1135 3023 1171 3089 in
1198 3021 1298 3088 rebus
1321 3041 1397 3086 555-

218 3129 332 3192 randis
366 3130 527 3194 mentitus
561 3136 611 3196 est
633 3131 798 3197 Sabinum
830 3132 1032 3216 supplicium
1060 3129 1201 3194 subiisse
1222 3127 1398 3193 indemna-
1521 3113 1522 3190 l

219 3239 293 3298 tum
317 3232 380 3319 (58,
408 3237 424 3300 1
461 3235 613 3320 (ἀκρίτως
646 3235 828 3324 ἐφθάρη»);
862 3257 943 3302 nam
972 3236 1117 3315 Tacitus
1150 3235 1210 3321 qui
1240 3235 1398 3320 pluribus
1521 3259 1522 3280 ¹

219 3338 328 3406 verbis
351 3339 468 3406 Sabini
491 3363 627 3408 causam
657 3350 789 3408 enarrat
818 3364 896 3408 555.
920 3342 980 3423 IV,
1007 3344 1148 3422 68-70,
1173 3342 1258 3407 nihil
1281 3341 1398 3407 scribit
1521 3315 1522 3366 l

219 3445 285 3510 nisi
307 3466 432 3530 magna
461 3469 540 3513 cum
571 3449 735 3516 celeritate
765 3449 950 3515 iudicatum
979 3470 1050 3514 esse
1076 3456 1170 3531 ((555
1192 3470 1291 3526 mora,
1315 3451 1397 3530 quin
1521 3459 1522 3524 ἰ

220 3554 456 3618 decerneretur»
457 3555 487 3635 ).

309 3659 411 3724 Plura
433 3680 537 3745 qnam
559 3660 623 3725 Dio
646 3659 783 3725 tradidit
806 3661 956 3738 Tacitus3
981 3681 1042 3724 nec
1065 3679 1142 3725 vero
1162 3660 1270 3745 magis
1293 3657 1397 3726 verba
1521 3721 1522 3724 ,

220 3764 387 3850 55555555
408 3766 518 3846 55555,
542 3765 625 3851 quin
648 3765 760 3851 potius
784 3765 900 3830 crescit
922 3765 1090 3850 iniquitas.
1139 3765 1238 3842 Quod
1261 3771 1301 3829 ut
1322 3763 1396 3829 illu·
1521 3783 1522 3788 ¹

221 3877 332 3952 stram,
358 3875 437 3938 satis
461 3879 511 3938 est
534 3893 792 3939 commemorare
808 3892 948 3957 555555
964 3878 1139 3938 5555555.
1155 3870 1214 3952 IV,
1232 3873 1284 3937 57.
1320 3871 1396 3948 Quo

221 3978 293 4044 loco
316 3979 469 4044 homines
492 3978 669 4044 credidisse
693 3979 806 4044 scribit
829 3999 955 4058 causas,
981 3999 1041 4042 cur
1063 3977 1216 4042 Tiberius
1239 3997 1329 4042 anno
1352 3978 1394 4041 26

222 4085 364 4172 Capreas
387 4085 554 4171 profectus
578 4092 672 4164 esset,
696 4091 775 4149 tres:
795 4085 950 4170 primam,
974 4083 1065 4168 quod
1088 4082 1228 4148 Seianus
1251 4082 1393 4160 Tiberio,

222 4199 261 4260 ut
291 4191 561 4280 proficisceretur,
593 4191 818 4278 persuasisset,
851 4189 1003 4267 alteram,
1028 4189 1117 4274 quod
1142 4189 1312 4254 Tiberium
1335 4209 1394 4273 pu·

223 4300 350 4365 duisset
372 4300 516 4386 corporis
548 4298 665 4364 debilis
688 4319 727 4362 ac
750 4295 855 4375 taetri,
880 4295 1021 4374 tertiam,
1046 4295 1136 4380 quod
1159 4294 1301 4380 perferre
1325 4315 1394 4358 non

222 4407 384 4492 potuisset
399 4406 631 4492 impotentiam
646 4404 759 4470 Liviae
774 4401 898 4468 matris
931 4401 1057 4486 Neque,
1074 4420 1214 4468 veraene
1229 4420 1268 4464 ac
1286 4400 1393 4466 iustae
