3084 5050
702 394 918 458 ..12-

221 589 311 654 onim
337 587 552 654 consentiunt
567 607 645 652 cum
663 587 713 664 iis,
738 606 824 672 quae
840 585 1020 654 Suetonius
1042 592 1142 672 atque
1164 587 1299 653 Tacitus
1323 589 1397 654 red-

221 694 318 773 dunt,
348 693 449 760 verba
472 692 595 778 quibus
618 691 766 759 Velleius
789 692 1001 778 adoptionem
1026 699 1276 760 commemorat:
1314 717 1396 761 «non

222 807 268 868 est
290 798 863 884 1111111111011111Α1911111;
885 821 984 882 neque
1006 802 1090 864 enim
1105 802 1303 882 quaerendus
1325 808 1397 867 erut

220 928 313 990 quem
336 908 456 991 teperet,
479 908 534 972 sed
556 907 704 989 leqendus
727 908 783 988 qui
805 907 966 985 eminebat,
990 907 1097 988 itaque
1119 908 1203 988 1111
1211 913 1285 988 post
1300 907 1397 972 Lucii

222 1020 352 1078 mortem
375 1013 479 1078 adbuc
503 1012 586 1077 Gaio
616 1013 810 1093 vivefacere
832 1013 974 1077 columbi
1000 1019 1093 1094 atque
1124 1013 1316 1078 veliementer
1346 1035 1396 1078 re-

216 1126 382 1202 11911111
405 1119 532 1184 Nerone
554 1124 624 1183 erat
650 1119 812 1195 imbibitus,
837 1124 912 1198 post
945 1120 1112 1200 utriusque
1146 1119 1396 1184 adulescentium
1464 1138 1468 1144 ·

222 1225 342 1290 obitum
362 1226 469 1304 fucere
486 1224 709 1304 perseuerauit,
744 1229 780 1288 ut
803 1228 832 1287 ct
859 1223 1050 1289 tribuniciae
1077 1225 1241 1304 petenatis
1273 1244 1396 1290 consor-

223 1330 338 1394 tionem
362 1330 486 1394 Neroni
518 1330 725 1406 constitueret,
760 1329 894 1392 muitum
923 1329 1046 1410 quidem
1071 1350 1104 1394 eo
1127 1349 1198 1394 eum
1222 1330 1396 1394 domitum

221 1437 258 1500 iu
279 1442 391 1500 senatu
414 1440 586 1512 recusante,
610 1441 640 1500 ct
662 1455 732 1500 eum
747 1434 839 1499 Actio
858 1433 935 1500 curo
961 1434 995 1500 Ο.
1018 1435 1124 1500 Sentio
1148 1436 1326 1500 consulibus
1342 1485 1348 1499 .
1365 1483 1394 1499 ..

223 1541 419 1622 adoptaret».
452 1539 631 1605 Suetonius
646 1540 737 1604 enim
753 1538 856 1624 Calig.
873 1540 895 1604 4
910 1540 1105 1625 Augustum
1125 1539 1183 1605 diu
1200 1545 1396 1606 cunctatum

222 1665 294 1711 esse
317 1645 440 1725 scribit,
484 1669 547 1711 «11
585 1646 812 1712 Germanicum
845 1647 908 1711 sibi
941 1666 1146 1712 successorem
1185 1648 1394 1722 destinaram

222 1751 358 1817 Tacitus
381 1757 494 1817 autem
510 1751 681 1817 Tiberium
705 1750 747 1817 ab
765 1752 918 1836 Augusto
936 1751 1054 1831 filium,
1079 1751 1239 1837 collegam
1255 1752 1394 1837 imperii,

223 1863 411 1924 consortem
455 1858 653 1924 tribuniciae
696 1858 868 1943 potestatis
911 1857 1128 1943 adsumptum
1176 1878 1246 1924 esse
1284 1863 1397 1924 namet

226 1965 360 2029 «matris
394 1965 553 2042 ortibusi;
588 1963 629 2029 cf.
653 1984 732 2030 ann.
767 1963 793 2044 Ι,
823 1966 853 2043 3,
880 1966 915 2042 7;
951 1963 1011 2043 IV,
1037 1966 1088 2029 57.
1136 1964 1206 2029 Nee
1233 1985 1312 2030 vero
1340 1964 1396 2032 hic

222 2068 411 2134 audiendus
445 2075 503 2149 est,
540 2069 619 2154 quia
652 2069 784 2134 Tiberio
817 2070 863 2134 ita
896 2069 1034 2154 iniquus
1072 2069 1125 2135 his
1159 2069 1239 2136 locis
1278 2091 1396 2156 cogno·

223 2173 335 2253 scitur,
362 2180 400 2239 ut
430 2173 586 2260 sibiipsa
609 2174 779 2260 discrepet.
835 2175 991 2260 Namque
1013 2195 1093 2241 ann.
1116 2177 1176 2255 ΠΙ,
1207 2177 1251 2242 66
1284 2176 1397 2242 scribit

223 2281 416 2366 Augustum
444 2279 615 2345 Tiberium
652 2301 743 2345 anno
767 2283 787 2345 6
814 2300 843 2345 a.
872 2280 948 2346 Ohr.
971 2301 1005 2348 n.
1040 2282 1167 2348 socium
1200 2282 1397 2350 tribuniciae

222 2385 394 2472 potestatis
417 2384 585 2470 delegisse,
620 2408 676 2452 «ru
698 2407 857 2452 successor
880 2389 915 2451 in
937 2389 1055 2453 incerto
1076 2390 1190 2470 foret»,
1214 2395 1325 2454 ratum
1349 2390 1396 2454 sic

222 2490 390 2578 prohiberi
422 2511 519 2575 posse
558 2513 694 2573 «procas
716 2494 855 2558 obierum
876 2513 965 2574 spes»
1003 2498 1037 2558 et
1069 2493 1170 2560 fisum
1208 2497 1397 2562 «modestiae

223 2599 395 2664 Numa».
443 2595 519 2673 Qua
550 2617 628 2662 cum
661 2597 825 2662 sententia
847 2596 973 2681 optime
991 2605 1181 2683 congruunt
1203 2600 1329 2665 litterae
1352 2599 1395 2664 ab

223 2701 377 2786 Augusto
409 2702 559 2786 scriptae,
594 2722 679 2786 quas
709 2701 805 2766 affert
838 2701 1017 2767 Suetonius
1054 2702 1141 2790 Aug.
1177 2706 1228 2772 71.
1260 2707 1312 2771 76.
1337 2707 1394 2783 92;

223 2807 297 2874 Tib.
323 2809 381 2886 21;
415 2806 531 2872 Claud.
557 2807 588 2872 4.
634 2807 773 2872 Accedit
804 2806 895 2892 quod
925 2828 1039 2892 neque,
1056 2809 1121 2874 Dio
1144 2811 1196 2889 bb,
1224 2813 1264 2876 13
1287 2831 1396 2896 neque

224 2912 403 2980 Suetonius
426 2912 513 2997 Aug.
532 2914 588 2991 65;
612 2912 686 2978 Tib.
707 2914 757 2993 lb,
783 2913 839 2991 21;
872 2911 973 2998 Oalig.
998 2917 1020 2977 4
1043 2934 1063 2978 a
1085 2913 1180 2982 Livia
1202 2916 1396 3002 Augustum

223 3023 430 3086 commotum
446 3037 517 3083 esse
533 3023 805 3095 commemorant,
826 3023 865 3083 ut
879 3016 1050 3084 Tiberium
1066 3019 1254 3106 adoptaret;
1278 3044 1396 3090 vsmm

224 3143 285 3192 sua
314 3129 432 3209 sponte
461 3123 657 3210 Augustum
690 3121 725 3186 id
757 3122 873 3188 fecisse
905 3125 1116 3207 cognoscitur
1143 3146 1184 3190 ex
1206 3127 1297 3194 Suet.
1321 3129 1396 3195 Tib.

224 3231 260 3296 21
291 3235 324 3296 et
345 3228 448 3314 Oulig.
472 3232 495 3293 4
518 3233 551 3292 et
572 3227 749 3294 verisimile
772 3233 830 3306 est,
855 3228 935 3313 quia
956 3249 1008 3294 res
1031 3229 1197 3314 muniones
1220 3235 1395 3320 Augustus

222 3334 389 3402 tractabat
411 3334 614 3412 cautissime;
639 3333 679 3398 cf.
694 3332 784 3400 Suet.
798 3333 884 3418 Aug.
902 3334 958 3398 84:
987 3357 1163 3403 «sermones
1185 3361 1305 3422 quoque
1325 3363 1396 3407 eum

222 3442 357 3526 sinoulis
380 3447 473 3523 atque
496 3443 591 3506 etium
615 3459 685 3504 cum
707 3440 804 3504 Liria
825 3461 886 3506 sua
906 3442 1070 3522 proniores
1091 3465 1155 3508 non
1176 3446 1243 3508 nisi
1263 3449 1397 3527 scriptos

222 3554 251 3614 et
283 3569 299 3613 e
329 3547 429 3613 bibeiio
459 3547 598 3624 babebat,
630 3567 670 3611 nc
694 3546 773 3627 pius
801 3547 944 3611 minusue
966 3548 1144 3628 toqueretur
1167 3568 1205 3611 ec
1228 3553 1394 3630 tempore»,

222 3651 339 3738 Neque
361 3651 417 3717 hic
440 3673 529 3717 uuus
556 3649 649 3716 locus
672 3656 730 3728 est,
755 3670 822 3733 quo
838 3650 973 3714 Tacitus
996 3650 1128 3715 Tiberio
1145 3650 1312 3734 obtrectet,
1337 3657 1397 3721 sed

224 3757 331 3826 multa
353 3764 495 3844 possunt
517 3756 627 3824 afferri
645 3753 805 3839 exempla,
830 3752 952 3837 quibus
975 3753 1011 3818 id
1033 3755 1236 3823 ostendatur.
1269 3759 1395 3846 Itaque,

224 3868 264 3930 ut
296 3863 393 3950 plura
427 3884 496 3930 non
532 3863 652 3941 dicam,
688 3881 755 3946 quo
792 3857 892 3925 modo
927 3878 1014 3942 quae
1046 3862 1130 3926 ratio
1153 3862 1285 3928 Tiberio
1318 3887 1395 3932 cum

224 3968 378 4054 Augusto
401 3969 614 4048 interfuisset,
640 3965 846 4052 descripserit
868 3985 945 4031 ann.
969 3965 995 4043 I,
1023 3967 1073 4044 10,
1099 3968 1294 4034 consideres.
1321 3971 1396 4049 Quo

223 4073 296 4140 loco
312 4094 389 4140 cum
402 4075 554 4141 homines
571 4074 766 4141 disserentes
783 4069 883 4136 faciat
898 4090 988 4134 anno
1006 4073 1048 4134 14
1070 4091 1102 4155 p.
1121 4071 1197 4136 Chr.
1214 4095 1248 4143 n.
1273 4077 1332 4142 sic:
1358 4101 1397 4145 ne

227 4181 390 4248 Tiberium
421 4183 547 4266 quidem
579 4183 710 4247 caritate
733 4184 790 4245 aui
823 4179 872 4242 rei
897 4176 1047 4257 publicae
1080 4198 1160 4244 cura
1190 4201 1395 4250 successorem

215 4283 395 4368 ‘bisetium
437 4289 493 4354 sed
525 4288 673 4370 quoniam
702 4283 924 4368 obrepentium
954 4283 1180 4366 saevitiamque
1207 4287 1275 4352 eius
1297 4289 1396 4355 iutro

222 4394 371 4476 secuerit,
396 4395 627 4476 comparatione
643 4390 814 4458 ueterrima
832 4387 893 4454 sibi
906 4385 1043 4472 pieriam
1066 4392 1287 4472 marmaissa»,
1303 4393 1396 4460 hune
